2748 4204
379 336 445 386 74
611 285 613 288 Α
725 332 1326 385 EPISTOLARUM
1353 331 2184 384 ASTRONOMICARUM

377 471 873 523 animaduersione
893 474 1042 520 intra
1054 473 1285 520 vnicam
1299 473 1468 531 primi
1482 469 1710 519 mobilis
1724 469 2165 530 reuolutionem‚
2186 477 2270 521 ter
2282 471 2393 522 hoc
2405 472 2525 535 ipso

376 541 576 592 Mense
597 542 868 591 Ianuario
888 540 959 589 ab
979 542 1143 588 initio
1163 542 1305 588 noui
1325 541 1466 589 anni
1486 538 1839 600 deprehensa
1857 539 1999 589 sunt.
2027 539 2201 602 Quod
2226 540 2356 591 licet
2380 542 2525 592 alias

375 613 559 661 rarius
580 612 883 671 contingat,
910 608 1214 669 aliquoties
1233 614 1428 658 tamen
1447 607 1832 670 superioribus
1853 611 2022 658 annis
2042 624 2078 659 a
2096 624 2190 660 me
2209 608 2524 661 factitatum

375 679 462 738 est,
483 678 793 741 praesertim
812 679 989 727 Anno
1009 677 1355 739 praecedenti
1374 679 1435 726 in
1457 674 1705 736 octobri,
1731 691 1861 727 cum
1891 679 1923 737 {2
1948 692 2090 728 eous
2109 678 2304 729 multis
2324 680 2525 731 diebus

374 754 687 810 appareret.
710 747 856 797 Solis
875 753 1115 803 motum,
1138 762 1168 796 e
1182 746 1423 796 Veneris
1443 745 1562 805 fitu,
1583 761 1685 808 per
1699 746 1902 797 Stellas
1921 746 2068 798 fixas
2087 748 2370 811 inquisito,
2391 765 2524 800 cum

372 832 473 879 per
487 816 917 867 Declinationes
931 816 1277 878 impediente
1293 818 1466 865 etiam
1480 814 1837 866 Refradtione
1857 816 1968 867 hoc
1989 820 2129 867 anni
2145 823 2403 881 tempore
2419 822 2523 870 mi-

373 901 483 936 nus
504 892 655 936 certo
676 884 877 935 haberi
897 891 1084 947 queat,
1112 884 1503 946 comprobaui.
1526 884 1780 935 Interdiu
1801 888 1957 935 enim
1976 886 2175 937 Venus
2195 890 2370 939 etiam
2389 895 2523 940 ante

372 955 766 1005 Meridianum
795 954 943 1004 hisce
973 953 1189 1013 diebuS,
1218 953 1312 1004 vel
1337 956 1398 1003 in
1424 953 1542 1016 ipso
1569 954 1816 1005 Meridie
1844 954 1895 1004 8(
1920 961 2070 1015 ante,
2099 971 2202 1018 per
2228 960 2523 1020 puriorem

370 1025 727 1075 serenitatem
747 1024 876 1074 satis
897 1024 1192 1074 euidenter
1212 1023 1566 1085 conspicitur.
1589 1022 1964 1075 Refradtionis
1977 1040 2116 1076 vero
2135 1026 2522 1089 parallaxeos-

371 1109 482 1156 que
503 1093 650 1144 Solis
671 1093 722 1143 8(
741 1093 982 1143 Veneris
1007 1093 1420 1155 impedimenta
1444 1095 1604 1154 prius
1623 1095 1684 1142 in
1704 1093 1982 1144 confimili
2007 1094 2307 1147 altitudine
2328 1096 2521 1160 explo-

368 1170 508 1221 rata,
538 1165 777 1213 remoui.
809 1162 1010 1212 Itidem
1038 1165 1210 1212 etiam
1235 1164 1297 1211 in
1322 1162 1618 1212 Mercurio
1646 1161 1825 1222 effeci,
1852 1178 1985 1214 cum
2010 1166 2059 1215 is
2085 1165 2402 1216 admodum
2427 1167 2520 1218 de-

369 1232 532 1282 cliuis
556 1235 653 1282 vix
678 1233 726 1283 5.
753 1232 1021 1295 gradibus
1047 1231 1196 1282 altus
1223 1231 1635 1282 obseruaretur.
1663 1232 1730 1282 In
1756 1236 1974 1284 caeteris
2000 1229 2020 1300 ΙΙ
2046 1233 2156 1284 hac
2180 1234 2520 1287 limitatione

368 1316 513 1364 opus
534 1317 655 1351 non
674 1308 809 1360 erat,
837 1301 992 1364 quod
1017 1301 1375 1351 sublimiores
1402 1301 1620 1351 caelitus
1641 1302 2028 1364 capiebantur.
2056 1303 2270 1355 Addidi
2287 1320 2427 1356 vero
2447 1306 2521 1357 ad

366 1372 570 1421 eadem
588 1377 850 1433 tempora
871 1370 1301 1421 Obseruationis
1322 1370 1525 1421 nostrae
1551 1370 1681 1421 loca
1698 1371 2070 1423 Planetarum
2088 1373 2451 1437 Alphonfina
2470 1375 2521 1426 8(

367 1440 753 1503 Coperniana‚
774 1446 833 1490 vt
846 1440 975 1490 Tua
991 1440 1133 1491 Cels.
1148 1442 1318 1490 vnico
1338 1442 1549 1490 intuitu
1564 1440 2000 1504 discrepantiam
2013 1443 2301 1506 Vtriusque
2316 1444 2522 1496 calculi

364 1525 399 1559 a
431 1510 597 1560 Caelo
628 1509 747 1571 ipso
776 1509 1000 1560 facilius
1033 1510 1394 1572 conspiceret,
1428 1513 1699 1572 quamuis
1730 1511 2128 1573 saepenumero
2159 1513 2344 1564 multo
2372 1514 2519 1577 pIUS,

364 1594 540 1641 quam
560 1594 717 1629 nunc
737 1578 1071 1630 exorbitent.
1093 1579 1230 1629 Peto
1250 1586 1446 1630 autem
1460 1595 1496 1630 a
1509 1579 1573 1630 T.
1591 1580 1857 1631 Celfitud.
1879 1581 2088 1644 quibus
2107 1583 2324 1645 possum
2342 1587 2519 1647 preci-

361 1648 484 1706 buS‚
510 1655 568 1698 vt
590 1648 1033 1699 obseruationes
1053 1648 1160 1699 has
1179 1649 1398 1700 nostras
1417 1652 1638 1699 nemini
1659 1654 2089 1702 communicare
2109 1652 2260 1712 velit,
2289 1668 2518 1704 cauere-

363 1733 491 1780 que,
520 1733 594 1768 ne
620 1717 866 1780 publicae
892 1717 1050 1777 fiant,
1079 1718 1392 1782 praesertim
1421 1725 1705 1782 quantum
1731 1720 1805 1771 ad
1831 1721 1875 1771 F
1876 1723 2106 1772 ixarum
2133 1722 2519 1786 longitudines

360 1787 799 1850 latitudinesque
814 1790 1028 1847 attinet,
1044 1803 1189 1851 quas
1204 1788 1277 1839 ob
1293 1788 1349 1839 id
1365 1791 1555 1848 etiam,
1570 1789 1848 1852 peculiari
1863 1790 2076 1850 charta,
2091 1791 2318 1843 seorfim
2330 1796 2518 1844 notari

362 1860 579 1907 curaui.
606 1857 789 1907 Nouit
815 1860 971 1907 enim
990 1857 1119 1908 Tua
1140 1857 1430 1909 Celfitudo
1457 1874 1634 1921 quam
1661 1862 1891 1923 optime,
1919 1867 2203 1923 quantum
2227 1865 2517 1925 temporis,

360 1926 589 1986 laboriS‚
611 1926 935 1990 diligentiae,
958 1927 1009 1977 8(
1027 1927 1318 1978 sumtuum
1339 1931 1681 1991 requiratur,
1703 1936 2018 1993 antequam
2037 1931 2112 1982 ad
2131 1930 2307 1982 huius
2323 1934 2407 1983 rei
2424 1947 2517 1983 ex-

361 1994 546 2047 actam
573 1999 959 2060 cognitionem
984 2000 1290 2060 peruenire
1315 1998 1498 2049 liceat.
1526 1999 1595 2049 Et
1620 1998 1754 2050 sane
1781 1999 1927 2050 nulli
1952 2000 2117 2051 alteri
2142 2003 2203 2051 in
2227 2007 2347 2053 tota
2374 2001 2517 2053 Ger-

359 2068 575 2125 mania,
596 2065 689 2116 vel
702 2066 855 2125 alibi,
878 2069 1273 2130 cuiuscunque
1289 2069 1412 2118 esset
1427 2068 1787 2129 conditioniS,
1809 2069 1936 2121 haec
1955 2085 2088 2121 mea
2108 2073 2349 2122 inuenta
2365 2086 2517 2122 com-

359 2138 734 2195 municarem,
761 2136 1138 2200 suppressique
1166 2152 1236 2188 ea
1260 2135 1556 2198 hactenuS,
1583 2141 1855 2201 quamuis
1875 2154 1911 2190 a
1929 2139 2125 2191 multis
2147 2139 2259 2192 hoc
2278 2144 2516 2192 nomine

358 2204 681 2256 solicitatuS.
708 2205 972 2269 Plerique
1001 2209 1156 2257 enim
1182 2222 1316 2258 cum
1341 2207 1488 2258 nihil
1512 2223 1615 2271 per
1639 2208 1693 2259 se
1721 2211 1923 2273 egregij
1947 2211 2009 2259 in
2028 2209 2119 2260 his
2138 2210 2402 2273 praestare
2422 2226 2516 2262 ve-

358 2274 478 2334 lint,
506 2275 755 2325 aliorum
780 2278 1032 2327 inuentis
1060 2276 1111 2326 8(
1136 2276 1431 2328 laboribus
1456 2277 1567 2328 sese
1594 2293 1819 2338 ornare,
1847 2294 2032 2342 eaque
2058 2295 2162 2343 pro
2188 2279 2302 2331 suis
2320 2281 2516 2332 vendi-

358 2350 495 2400 tare,
510 2360 631 2395 non
644 2345 760 2396 fine
774 2349 936 2409 graui
951 2349 1169 2397 autoris
1184 2349 1397 2397 iniuria
1410 2346 1569 2398 haud
1585 2348 1936 2400 erubescunt.
1952 2349 2170 2400 Verum
2184 2365 2305 2400 non
2319 2349 2516 2401 dubito

359 2414 625 2465 Celfitud.
641 2414 829 2466 Tuam
850 2415 978 2467 haec
997 2416 1096 2467 fibi
1115 2416 1217 2466 soli
1236 2416 1673 2477 reseruaturam,
1696 2419 2191 2483 quemadmodum
2211 2422 2386 2471 etiam
2401 2420 2514 2472 Ob-

356 2483 747 2535 seruationum
773 2484 836 2535 T.
865 2485 1050 2536 Celfit.
1080 2486 1225 2536 mihi
1254 2490 1815 2539 communicatarum
1843 2491 2139 2540 neminem
2166 2489 2316 2541 facio
2343 2492 2514 2553 parti-

357 2555 557 2615 cipem.
579 2554 646 2604 In
664 2560 783 2605 tota
795 2571 934 2605 vero
954 2555 1064 2606 hac
1078 2556 1478 2608 Astronomica
1496 2556 1832 2609 tractatione
1851 2558 2035 2609 multo
2054 2559 2222 2622 plura
2242 2560 2423 2619 essent,
2444 2560 2514 2611 de

357 2623 565 2685 quibus
591 2624 871 2686 copiofius
898 2641 1030 2675 cum
1049 2625 1179 2676 Tua
1200 2626 1384 2677 Celfit.
1405 2627 1750 2689 perlibenter
1775 2643 2021 2692 agerem,
2047 2628 2141 2679 sed
2167 2644 2274 2680 nec
2299 2627 2513 2689 charta,

355 2707 461 2743 nec
483 2695 861 2745 commoditas
878 2695 936 2745 id
953 2711 1109 2746 nunc
1123 2698 1350 2759 patitur.
1372 2696 1584 2748 Habeo
1598 2697 1916 2748 multorum
1929 2704 2210 2761 praeterea
2222 2713 2514 2750 annorum

356 2769 652 2813 accuratas
667 2763 717 2814 8(
730 2764 1074 2827 multiplices
1090 2765 1552 2825 ObseruationeS,
1573 2782 1696 2817 non
1714 2767 1912 2818 saltem
1927 2771 1989 2818 in
2003 2767 2191 2819 affixis
2206 2768 2513 2827 Sideribus,

355 2831 447 2882 sed
468 2835 642 2883 etiam
661 2835 722 2883 in
742 2835 1012 2884 omnibus
1033 2837 1301 2894 erraticiS,
1323 2836 1774 2900 quotiescunque
1788 2838 1955 2888 nobis
1969 2836 2334 2901 aspec'tabiles
2347 2838 2513 2889 illux-

357 2909 538 2960 erunt,
578 2918 722 2964 quas
753 2903 1049 2966 praeclarae
1080 2906 1415 2967 possessionis
1446 2906 1576 2957 loco
1609 2906 1737 2969 (nec
1769 2909 1927 2957 enim
1957 2910 2157 2970 paucis
2187 2907 2424 2972 Vigilijs‚
2463 2907 2514 2959 8(

356 2973 563 3034 exiguo
590 2971 787 3022 labore
814 2988 881 3023 ac
908 2973 1201 3036 diligentia
1223 2982 1573 3038 comparatae
1593 2975 1741 3038 sunt)
1769 2976 2062 3028 conseruo.
2090 2977 2203 3028 Eas
2221 2992 2360 3028 vero
2381 2993 2514 3029 cum

355 3039 605 3090 aliorum
625 3044 877 3092 inuentis
898 3043 1174 3102 conferre,
1197 3043 1247 3093 8(
1266 3044 1518 3105 tandem,
1539 3048 1602 3095 in
1614 3045 1778 3096 vsum
1790 3046 2088 3109 publicum
2101 3047 2434 3110 producere,
2455 3053 2513 3098 vt

354 3115 473 3159 tota
500 3109 797 3161 Astrorum
829 3111 1060 3162 scientia
1092 3112 1286 3164 exacte
1318 3118 1670 3179 apparentijs
1703 3116 2014 3167 caelestibus
2045 3116 2365 3176 satisfaciat,
2398 3116 2511 3168 ela-

354 3179 513 3229 boro.
536 3179 686 3230 Dedi
706 3187 902 3230 autem
922 3184 983 3231 in
1002 3183 1291 3233 mandatis
1311 3182 1447 3234 huic
1466 3187 1609 3243 viro,
1629 3191 1688 3235 vt
1703 3185 1888 3236 Celfit.
1903 3185 1967 3236 T.
1985 3185 2078 3236 vel
2097 3186 2268 3249 ipfius
2282 3186 2510 3237 Mathe-

354 3251 565 3299 matico
590 3249 774 3311 plura,
802 3265 979 3313 quam
1006 3267 1161 3302 nunc
1180 3252 1420 3303 scribere
1441 3255 1815 3305 commodum
1836 3262 1972 3315 erat,
1998 3270 2132 3306 meo
2158 3258 2396 3307 nomine
2418 3270 2510 3307 ex-

352 3324 607 3380 poneret.
629 3318 778 3369 Haec
797 3334 935 3370 vero
957 3335 1026 3371 eo
1046 3321 1326 3383 prolixius
1346 3322 1420 3373 ad
1435 3323 1578 3374 Cels.
1594 3322 1784 3374 Tuam
1803 3339 1960 3375 nunc
1979 3324 2281 3388 perscripsi,
2301 3328 2510 3446 partit}

2353 3409 2471 3458 quo

2574 1111 2616 1146 10

2574 1459 2614 1493 15

2566 1806 2612 1840 20

2565 2154 2609 2188 25

2562 2502 2608 2537 30

2561 2853 2607 2887 35

2560 3200 2606 3235 40
