2748 4204
384 352 452 402 56
733 347 1336 400 EPISTOLARUM
1363 344 2191 398 ASTRONOMICARUM

383 493 517 540 certi
543 487 913 551 depraehendi
942 489 1011 550 ijs
1039 487 1200 549 posse.
1232 486 1597 549 Quapropter
1621 487 1682 535 in
1708 484 1976 535 Sextante
2003 483 2148 534 duas
2174 483 2318 534 alias
2344 484 2534 535 adhuc

382 558 635 615 rimulaS‚
665 558 739 608 ad
765 558 972 607 Latera
996 556 1480 614 Pinnacidiorum,
1509 569 1688 618 prope
1715 554 1949 604 oculum
1975 552 2100 603 fieri
2127 556 2344 613 curaui,
2369 560 2428 604 vt
2454 553 2533 604 di-

382 628 597 678 stantiae
618 626 924 677 Stellarum
950 640 1050 688 per
1073 625 1311 675 rimulas
1331 624 1642 675 Parallelas
1661 626 1926 686 vtrinque
1948 628 2330 673 cernerentur.
2358 622 2534 674 Cum-

326 729 329 732 ·
382 712 493 759 que
514 695 843 746 Wittichius
869 694 1092 745 nullam
1117 697 1402 745 rationem
1421 694 1639 757 Anguli
1663 693 1893 743 visionis
1919 692 2205 750 habuisset,
2232 691 2368 742 huic
2394 707 2533 755 quo-

382 781 493 828 que
519 765 675 816 malo
700 765 1096 823 succurrimuS‚
1123 771 1295 826 atque
1321 763 1527 814 visoria
1549 763 1763 814 Centro
1784 762 2144 812 Instrumenti
2169 764 2248 812 ita
2274 761 2534 825 apposui-

381 850 527 894 muS‚
553 841 612 884 vt
635 834 855 897 semper
875 834 1121 884 eandem
1140 834 1212 884 ab
1233 833 1333 883 illo
1354 833 1639 884 Sextantis
1660 832 1875 883 Centro
1896 831 2216 882 distantiam
2236 834 2534 888 retineant.

384 905 778 966 Centrumque
804 903 1023 966 semper
1048 902 1277 966 praecise
1303 905 1364 952 in
1389 902 1581 952 medio
1606 902 1814 952 mediae
1840 901 2067 951 rimulae
2090 903 2422 964 reperiatur.
2449 901 2535 951 Ac

382 990 455 1024 ne
475 973 740 1037 Angulus
760 973 910 1023 visus
930 972 991 1023 fit
1010 975 1201 1022 minor
1222 987 1291 1022 eo
1313 987 1486 1034 quem
1508 971 1950 1022 Instrumentum
1969 971 2136 1021 nobis
2160 969 2404 1029 exhibet,
2431 970 2534 1021 fin-

382 1044 527 1107 gulis
555 1043 902 1105 Pinnacidijs
930 1042 1314 1104 superioribus
1346 1044 1568 1091 interne
1596 1047 1822 1091 tantum
1850 1040 2219 1099 detraximuS‚
2253 1047 2536 1103 quantum

383 1113 620 1163 inferius
647 1112 993 1175 respondens
1015 1111 1416 1161 Pinnacidium
1436 1126 1471 1161 a
1492 1111 1707 1161 Centro
1733 1110 1906 1160 distat.
1934 1110 2019 1160 Ita
2045 1112 2200 1160 enim
2225 1124 2326 1172 per
2351 1109 2535 1161 lineas

382 1182 688 1246 parallelas
710 1181 959 1231 eundem
973 1180 1271 1244 Angulum
1288 1182 1592 1238 cernimuS,
1615 1195 1789 1242 quem
1803 1179 2247 1230 Instrumentum
2260 1179 2429 1230 nobis
2443 1194 2535 1230 ex-

382 1251 553 1310 hibet,
583 1266 689 1301 nec
716 1251 834 1301 vlla
863 1250 1185 1301 differentia
1212 1252 1359 1299 inter
1387 1249 1686 1313 Angulum
1713 1249 1898 1300 visum
1928 1249 1978 1299 8(
2006 1249 2306 1312 Angulum
2335 1248 2535 1300 Instru-

382 1324 560 1371 menti
581 1322 682 1371 esse
701 1320 891 1383 potest.
912 1320 1196 1370 Praeterea
1216 1334 1349 1370 cum
1369 1325 1541 1369 antea
1559 1319 1752 1369 media
1773 1318 1990 1382 Regula
2005 1321 2066 1369 in
2081 1314 2396 1385 Sex-ntante
2416 1334 2536 1370 ma-

381 1391 551 1441 nibus
571 1389 705 1440 hinc
725 1390 858 1440 inde
879 1389 1158 1448 ducenda,
1179 1391 1240 1439 in
1262 1388 1773 1439 obseruationibus
1792 1388 2109 1451 plurimum
2128 1390 2347 1453 negocij
2371 1389 2538 1440 nobis

379 1460 674 1518 facesseret‚
713 1458 1076 1521 multumque
1107 1461 1381 1521 temporis
1412 1460 1741 1520 requireret,
1779 1458 2112 1521 priusquam
2142 1460 2204 1508 in
2236 1473 2387 1517 eum,
2420 1474 2536 1521 quo

380 1530 637 1588 debebat,
666 1530 861 1579 locum
887 1529 1011 1579 esset
1034 1526 1322 1591 perducta,
1351 1527 1702 1578 Catenulam
1722 1527 2020 1578 artificiose
2042 1527 2420 1579 Instrumento
2440 1543 2536 1592 ap-

379 1599 689 1662 posuimuS‚
710 1613 811 1661 per
832 1613 1009 1660 quarn
1029 1600 1090 1647 in
1110 1612 1516 1660 quemcunque
1537 1597 1732 1648 locum
1752 1597 1803 1647 8(
1822 1597 2123 1661 Angulum
2141 1598 2402 1661 regulam
2420 1613 2536 1648 me-

380 1669 535 1720 diam
554 1668 802 1718 facilime
823 1667 1034 1730 absque
1054 1669 1295 1730 negocio
1316 1667 1598 1717 deducere
1618 1668 1921 1730 possumuS.
1944 1667 2010 1717 In
2025 1667 2379 1729 Quadrantis
2397 1683 2536 1731 quo-

380 1753 491 1801 que
506 1737 775 1788 inferiore
787 1737 1256 1787 Pinnacidiorum
1268 1742 1443 1799 parte,
1460 1735 1650 1787 adhuc
1662 1736 1936 1787 rimulam
1946 1736 2170 1787 inferne
2181 1736 2307 1788 fieri
2318 1740 2536 1797 curaui,

378 1814 436 1858 vt
455 1807 836 1858 Altitudinem
855 1806 1063 1866 Stellae,
1090 1806 1141 1856 8(
1167 1805 1409 1869 superne
1430 1806 1481 1857 8(
1500 1806 1723 1856 inferne
1745 1806 2094 1869 paralleliter
2112 1807 2306 1858 videre
2326 1808 2536 1871 possim.

380 1877 500 1927 Nifi
520 1879 676 1927 enim
697 1876 871 1928 Stella
895 1891 997 1939 per
1022 1875 1261 1927 rimulas
1281 1875 1629 1938 paralleliter
1649 1878 1799 1927 circa
1817 1877 2220 1927 Pinnacidium
2240 1876 2539 1940 aequaliter

378 1945 523 1997 secta
555 1946 947 2009 conspiciatur,
986 1961 1362 2009 nequaquam
1398 1952 1551 1996 certa
1583 1948 1688 1996 erit
1719 1948 1843 1997 eius
1875 1946 2151 1997 Altitudo,
2192 1946 2539 1998 Iamdudum

379 2020 553 2067 etiam
572 2017 646 2067 ad
666 2017 872 2067 Latera
892 2016 1363 2066 Pinnacidiorum
1387 2015 1628 2066 rimulas
1653 2015 1965 2067 Parallelas
1991 2019 2278 2079 exaptaui,
2304 2023 2362 2067 vt
2387 2022 2538 2068 tran-

379 2086 543 2137 fitum
563 2086 754 2137 Stellae
773 2088 1039 2149 vtrinque
1059 2085 1253 2136 videre
1278 2086 1501 2148 possem.
1531 2085 1705 2147 Quod
1730 2085 1770 2135 fi
1788 2085 2120 2137 Wittichius
2145 2086 2385 2137 rimulas
2410 2086 2539 2138 illas

378 2156 689 2207 Parallelas
710 2156 865 2219 apud
883 2156 1074 2206 Tuam
1096 2155 1304 2206 Excell.
1326 2155 1481 2215 vidit,
1506 2171 1612 2206 nec
1633 2155 2022 2207 Instrumentis
2042 2155 2241 2207 nostris
2261 2156 2538 2219 apposuit,

377 2226 560 2276 multo
586 2241 694 2276 nos
720 2228 882 2276 inani
907 2225 1104 2276 labore
1131 2227 1412 2276 onerauit.
1441 2225 1595 2277 Cum
1622 2228 1779 2276 enim
1800 2225 2008 2276 visoria
2028 2225 2540 2277 Instrumentorum

378 2295 579 2346 Mense
595 2296 811 2346 Martio
831 2298 1101 2358 praeteriti
1116 2296 1276 2345 Anni
1291 2298 1723 2359 corrigeremuS,
1743 2298 2079 2346 inuenimus
2095 2295 2540 2347 obseruationes

377 2372 509 2416 ante
523 2365 864 2416 visoriorum
879 2364 1291 2417 correctionem
1306 2365 1599 2424 institutas,
1620 2365 1848 2429 prorsus
1862 2365 2015 2416 fuisse
2030 2367 2276 2416 incertas
2291 2365 2342 2416 8(
2355 2365 2538 2417 falsas,

378 2435 745 2498 Quapropter
765 2450 968 2486 omnes
989 2435 1058 2486 de
1078 2450 1239 2486 nouo
1267 2437 1472 2486 iterare
1499 2434 1679 2487 coacti
1704 2435 1915 2486 sumuS.
1943 2435 2187 2499 Reliqua
2207 2451 2339 2499 quae
2360 2435 2430 2486 de
2451 2436 2539 2486 In-

376 2505 697 2556 strumentis
722 2505 922 2556 nostris
949 2505 1246 2564 defideraS,
1274 2520 1346 2555 ex
1372 2505 1677 2556 domestico
1702 2511 1803 2556 tuo
1831 2505 2166 2569 cognoscere
2191 2508 2420 2568 poteris.
2448 2505 2540 2556 De

377 2575 601 2625 diuerso
628 2575 881 2626 AEtheris
908 2575 959 2625 8(
985 2576 1154 2625 Aeris
1181 2574 1477 2639 diaphano
1502 2575 1678 2626 velim
1706 2578 1880 2626 etiam
1909 2582 2081 2639 atque
2111 2577 2287 2626 etiarn
2315 2578 2538 2640 cogites,

377 2644 496 2708 Ipse
516 2644 769 2708 profecto
789 2661 912 2696 rem
932 2647 994 2695 in
1014 2660 1217 2695 omnes
1236 2652 1426 2708 partes
1445 2645 1690 2696 voluens
1710 2660 1777 2696 ac
1797 2645 2126 2705 reuoluenS,
2153 2645 2301 2696 nihil
2322 2645 2436 2696 tale
2455 2660 2539 2696 re-

378 2717 564 2778 perire
590 2717 768 2778 potui.
796 2715 907 2766 Sed
935 2730 1069 2765 cum
1089 2715 1445 2766 Sententiam
1472 2730 1543 2766 ea
1567 2715 1638 2766 de
1664 2730 1725 2766 re
1751 2730 1945 2766 meam
1966 2717 2028 2766 in
2047 2713 2318 2766 Tractatu
2338 2716 2407 2766 de
2429 2715 2540 2767 Co-

377 2792 533 2835 meta
565 2785 769 2847 Capite
801 2785 852 2835 V
884 2785 1014 2836 satis
1045 2785 1328 2848 superque
1360 2785 1795 2844 declarauerim,
1828 2785 1967 2836 nolo
1999 2785 2094 2836 hic
2126 2783 2318 2836 ac'tum
2350 2800 2539 2849 agere:

378 2854 631 2905 Tantum
650 2861 783 2917 peto
798 2870 834 2906 a
847 2862 901 2905 te
916 2857 1199 2906 maiorem
1216 2857 1277 2905 in
1291 2856 1534 2906 modum
1547 2858 1608 2906 in
1622 2855 1861 2906 salutem
1876 2855 1927 2906 8(
1941 2855 2340 2906 certitudinem
2352 2855 2539 2906 Astro-

378 2927 592 2975 nomiae
615 2927 787 2975 etiam
808 2931 981 2987 atque
1002 2927 1192 2984 etiam,
1213 2931 1272 2975 vt
1293 2940 1362 2975 ea
1383 2925 1681 2989 diligenter
1702 2928 2015 2985 examineS,
2037 2931 2210 2988 atque
2225 2925 2299 2976 ad
2314 2940 2384 2976 ea
2396 2924 2542 2976 mihi

378 2994 718 3057 respondere
743 3009 865 3044 non
891 2994 1228 3058 dedigneriS.
1256 2995 1440 3046 Video
1468 2997 1625 3046 enim
1652 2995 1725 3046 ob
1751 2995 1976 3046 nullam
2002 2995 2180 3045 aliam
2208 3010 2331 3045 rem
2358 2997 2541 3059 magis

378 3062 514 3114 huic
532 3063 937 3126 pulcherrimae
952 3064 1078 3114 Arti
1099 3064 1338 3124 detrahi,
1361 3080 1539 3127 quam
1559 3064 1715 3128 quod
1737 3064 1818 3127 (vt
1831 3067 1888 3129 ij,
1910 3067 2010 3128 qui
2025 3064 2163 3128 quid
2178 3064 2541 3129 Hypotheses

378 3133 792 3184 Astronomicae
813 3133 931 3192 lint,
953 3149 1074 3184 non
1093 3133 1431 3198 intelligunt,
1454 3133 1823 3196 arbitrantur)
1838 3134 2096 3186 futilibus
2111 3134 2162 3185 &
2174 3133 2324 3185 falfis
2339 3134 2540 3199 Hypo-

377 3202 625 3253 thefibus
645 3203 707 3253 s1t
726 3202 948 3262 referta,
975 3218 1191 3266 perque
1218 3203 1386 3254 falsas
1406 3203 1771 3268 Hypotheses
1793 3210 1992 3255 contra
2011 3210 2298 3264 naturam,
2319 3210 2539 3255 contra-

379 3287 491 3335 que
523 3279 748 3323 naturae
781 3273 959 3336 Leges
990 3287 1195 3323 verum
1227 3273 1598 3324 Planetarum
1628 3280 1854 3324 motum
1886 3273 2241 3325 demonstret.
2269 3273 2342 3324 Vt
2373 3276 2541 3338 igitur

378 3348 681 3393 veternum
707 3342 873 3393 illum
894 3357 965 3393 ex
984 3345 1195 3394 animis
1214 3342 1371 3407 vulgi
1391 3346 1688 3407 eriperem,
1715 3349 1887 3407 atque
1909 3343 2047 3407 quid
2067 3343 2166 3395 fibi
2185 3342 2540 3464 vellentth-

2281 3427 2358 3476 po
2425 3412 2543 3465 eses

2588 1127 2628 1161 lo

2579 1329 2636 1371 29

2590 1476 2630 1510 15

2587 1825 2631 1859 20

2587 2174 2632 2207 25

2588 2522 2634 2556 30

2589 2871 2633 2905 35

2589 3220 2634 3254 40
