2748 4204
410 337 512 387 200
753 333 1357 386 EPISTOLARUM
1382 333 2215 387 ASTRONOMICARUM

406 477 467 523 in
488 476 674 536 primo
697 472 883 522 nostro
903 471 1090 521 Tomo
1110 471 1681 535 Progymnasmatum
1700 472 2249 532 Astronomicorum‚
2277 476 2460 537 capite
2479 475 2557 526 se-

406 542 610 601 cund0‚
631 542 726 592 vbi
746 542 815 591 de
836 540 1141 591 Stellarum
1161 539 1412 591 fixarum
1432 540 1631 593 exacta
1649 541 2056 601 verificatione,
2084 557 2155 592 ex
2174 543 2411 606 professo
2431 559 2556 608 ag0,

405 610 698 673 quomodo
718 625 837 659 non
856 609 1040 659 solum
1055 624 1085 659 e
1100 609 1326 660 Venere
1344 610 1682 661 occidentali
1696 626 1732 661 a
1746 610 1895 670 Sole,
1915 610 2009 662 sed
2029 613 2203 662 etiam
2223 612 2428 664 eadem
2447 616 2557 664 ori-

404 679 593 738 entali,
609 678 915 729 Stellarum
928 680 1157 728 termini
1171 681 1232 728 in
1245 694 1429 729 vnum
1440 679 1490 729 &
1502 680 1753 730 eundem
1766 679 1961 730 locum
1974 680 2209 732 tandem
2223 681 2558 734 adamussim

402 748 731 807 recidenteS‚
759 747 810 797 &
835 747 1064 811 fibijpfis
1090 750 1351 810 apprime
1376 748 1609 812 analogi
1634 764 1670 799 a
1694 749 1862 799 nobis
1881 749 2162 801 constituti
2181 750 2300 810 fint,
2327 751 2557 804 abunde

403 832 712 880 exponam:
739 816 1035 879 fimulque,
1062 816 1180 879 post
1206 815 1663 880 octingentarum
1689 820 1923 878 circiter,
1951 822 2294 871 canonicam
2318 823 2381 871 in
2406 828 2560 873 certa

401 886 544 945 loca,
572 886 765 949 quoad
790 886 1029 949 longum
1056 885 1107 936 δι
1130 885 1314 936 latum
1340 886 1807 947 distributionem,
1834 888 2298 952 Landgrauianae
2325 905 2558 955 quoque

399 958 462 1005 in
489 955 579 1006 his
605 953 1041 1014 rectificationiS,
1069 954 1120 1005 &
1146 970 1247 1006 cur
1272 955 1373 1006 illa
1397 956 1822 1019 propemodum
1846 958 1895 1009 5.
1921 964 1981 1009 vt
2005 958 2276 1019 indicaui,
2305 962 2557 1020 minutiS‚

400 1024 647 1075 nostram
683 1024 801 1075 fere
832 1025 1042 1088 vbique
1081 1023 1391 1087 exsuperet,
1430 1028 1788 1077 mentionem
1825 1027 2173 1079 nonnullam
2209 1028 2556 1081 interseram.

401 1094 557 1145 Nolo
583 1109 739 1145 nunc
764 1093 1023 1157 pluribus
1049 1094 1107 1145 id
1132 1093 1317 1156 ipsum
1342 1093 1438 1145 hic
1462 1095 1769 1147 inculcare.
1796 1095 1888 1147 Tu
1906 1096 2104 1148 saltem
2124 1098 2199 1149 da
2218 1113 2473 1162 operam,
2499 1106 2559 1151 vt

399 1163 589 1214 vestris
609 1163 719 1214 hac
739 1178 972 1227 quoque
991 1166 1053 1214 in
1072 1170 1232 1226 parte
1252 1163 1557 1215 Atlanticis
1580 1166 1892 1226 laboribuS,
1921 1181 2125 1218 eorum
2144 1169 2336 1232 cupidi
2354 1184 2557 1233 prope-

400 1233 553 1284 diem
572 1233 852 1284 fruantur.
874 1233 1113 1296 Iamque
1134 1235 1342 1284 iterum
1361 1233 1509 1285 vale.
1531 1229 1552 1301 ΙΙ

978 1374 1274 1435 AVTOR
1300 1376 1432 1435 AD
1463 1376 1979 1438 LECTOREM.

511 1474 612 1516 VM
641 1474 708 1516 ad
732 1473 829 1516 has
853 1473 987 1527 ipsas
1008 1473 1433 1517 ROTHMANNO
1460 1475 1878 1529 respondendum
1903 1477 2080 1529 fuisset,
2108 1479 2265 1531 paulo
2291 1479 2480 1523 diutius
2504 1479 2556 1523 id

534 1531 965 1586 procrastinatum
992 1532 1076 1583 est,
1106 1533 1425 1586 tandemque
1451 1533 1502 1575 in
1527 1534 1750 1588 Augusto
1778 1535 2031 1589 sequentis
2056 1536 2190 1578 Anni
2214 1537 2428 1591 ipsemet
2452 1537 2554 1581 huc

397 1589 447 1631 in
468 1590 693 1632 Daniam
712 1590 867 1640 uenit,
894 1601 1084 1643 meque
1104 1602 1168 1633 ex
1187 1591 1457 1634 uoluntate
1477 1591 1635 1634 etiam
1656 1593 1729 1635 sui
1747 1593 2006 1647 Principis,
2033 1596 2090 1636 ut
2109 1594 2450 1638 Instrumenta
2469 1607 2556 1639 no-

397 1647 497 1690 stra
515 1648 874 1691 Astronomica
893 1648 1219 1702 perspiceret,
1247 1649 1303 1701 8ι,
1332 1649 1397 1692 de
1415 1649 1490 1704 ijs,
1520 1662 1639 1704 quae
1659 1651 1727 1693 ad
1747 1651 1883 1694 Artis
1902 1652 2055 1695 huius
2074 1653 2360 1706 penetralia
2378 1665 2556 1708 perue-

397 1705 623 1760 stiganda
642 1706 889 1757 facerent,
912 1706 1115 1748 affatim
1135 1718 1346 1750 mecum
1366 1708 1642 1759 conferret,
1662 1709 1843 1752 inuisit.
1865 1710 1914 1752 Is
1927 1713 2050 1753 tunc
2065 1723 2171 1754 non
2185 1711 2350 1754 solum
2363 1712 2552 1763 literas,

397 1764 581 1817 quibus
601 1764 847 1818 superiori
865 1765 1026 1818 Aprili
1045 1764 1227 1807 nostris
1246 1765 1440 1808 ultimis
1460 1766 1510 1809 se
1529 1767 1836 1820 respondisse
1856 1768 2044 1820 aiebat,
2070 1769 2244 1812 secum
2264 1770 2447 1821 attulit,
2468 1770 2554 1814 sed

395 1821 554 1865 etiam
581 1834 612 1864 a
637 1822 866 1876 Principe
891 1823 980 1866 suo
1008 1823 1262 1877 quasdam
1286 1823 1451 1877 ipsum
1478 1824 1606 1867 mihi
1632 1826 2079 1870 commendantes.
2110 1827 2257 1870 Licet
2280 1839 2408 1871 uero
2435 1839 2554 1872 con-

394 1880 603 1923 uenisset
631 1892 721 1923 eas
750 1881 883 1934 ipsas
911 1881 1086 1924 literas
1114 1881 1198 1924 hic
1228 1882 1473 1937 subiungi,
1503 1886 1682 1926 tamen
1711 1884 1832 1938 quia
1857 1884 2054 1928 interea
2079 1886 2330 1940 temporis
2356 1886 2396 1928 81
2424 1886 2553 1930 alias

396 1939 646 1991 quasdam
667 1939 734 1981 ad
753 1939 919 1993 ipsum
939 1939 1224 1982 Dominum
1246 1940 1736 1984 LANDGRAVIVM
1758 1943 1823 1985 de
1837 1943 2054 1986 Cometa
2068 1943 2201 1986 Anni
2221 1945 2550 1999 nonagefimi,

393 1997 787 2050 perscripserim,
810 1996 1051 2040 adiunc‘ta
1071 1997 1298 2041 eiusdem
1319 1998 1521 2042 crinitae
1542 1999 1799 2043 succintfta
1819 2001 2188 2053 declaratione,
2209 2002 2350 2045 lubet
2363 2014 2454 2045 eas
2467 2003 2551 2046 hic

393 2055 726 2107 praemittere,
746 2055 1041 2109 interposita
1059 2059 1240 2099 tamen
1258 2056 1400 2110 prius
1420 2057 1566 2100 breui
1586 2059 1816 2111 quadarn
1830 2059 2065 2113 Epistola,
2087 2072 2190 2114 qua
2205 2060 2553 2103 ROTHMAN-

395 2113 538 2164 NVS,
565 2113 775 2156 nomine
801 2114 873 2156 sui
893 2113 1150 2168 Principis,
1179 2126 1300 2157 mea
1326 2115 1392 2158 ab
1419 2115 1506 2158 illo
1533 2117 1685 2159 auide
1708 2115 1985 2171 expectari,
2013 2118 2351 2172 lubenterque
2371 2130 2552 2173 accep-

392 2171 506 2222 tari,
532 2171 607 2225 (ut
631 2173 714 2214 uel
739 2171 859 2214 hinc
885 2175 1062 2226 pateat
1087 2175 1282 2226 quanto
1303 2174 1553 2217 defiderio
1574 2175 1856 2218 coelestium
1876 2187 2053 2219 rerum
2073 2176 2552 2231 Astronomicaeque

391 2229 770 2272 instaurationis
791 2229 1029 2284 Optimus
1053 2231 1138 2273 ille
1162 2230 1402 2285 Princeps
1423 2233 1463 2275 δι
1481 2233 1722 2276 Phoenice
1748 2234 1850 2277 hoc
1877 2234 2048 2277 seculo
2073 2235 2241 2278 rarior
2266 2235 2457 2289 absque
2482 2235 2552 2278 in-

390 2287 698 2330 termissione
714 2288 963 2345 flagrarit)
981 2292 1175 2342 praeter
1189 2290 1291 2332 alia
1305 2290 1568 2343 quaedam,
1590 2291 1766 2334 innuit.
1789 2292 1920 2343 Quae
1935 2292 2146 2346 quidem
2159 2293 2292 2336 inter
2305 2305 2410 2345 eas,
2431 2305 2551 2348 quae

392 2346 460 2387 ad
486 2358 682 2388 annum
708 2345 1112 2401 oc‘tuagefimum
1131 2359 1329 2390 nonum
1350 2349 1580 2403 superius
1599 2349 1908 2402 referuntur,
1934 2351 2122 2394 merito
2143 2351 2459 2405 disponenda
2478 2352 2552 2395 fu-

390 2403 515 2446 isset:
546 2404 613 2446 At
638 2404 886 2458 quoniam
915 2406 1072 2448 serius
1096 2406 1239 2457 mihi,
1269 2409 1448 2460 utpote
1474 2407 1694 2452 triennio
1724 2408 1832 2452 fere
1859 2409 1970 2463 post
1996 2408 2309 2466 (ubicunque
2336 2410 2550 2454 tandem

390 2461 588 2505 interea
613 2462 885 2520 delituerit)
908 2464 1110 2506 reddita
1137 2465 1208 2516 fit,
1236 2465 1276 2507 81
1302 2465 1502 2518 priores
1526 2466 1633 2508 iam
1657 2470 1811 2510 antea
1831 2467 2036 2510 excusae
2055 2467 2259 2519 fuerint,
2285 2468 2429 2511 illam
2448 2468 2551 2512 hoc

390 2521 508 2563 loco
534 2520 761 2574 primum
786 2521 1023 2565 inseram.
1051 2522 1226 2566 Postea
1251 2523 1450 2566 nostras
1477 2524 1545 2566 ad
1571 2525 1856 2567 Dominum
1882 2526 2368 2569 LANDGRAVIVM
2395 2527 2460 2570 de
2487 2538 2550 2570 eo

391 2578 621 2629 Cometa,
643 2579 716 2621 uti
736 2579 855 2630 dixi,
878 2580 918 2622 81
936 2581 1152 2623 tandem
1172 2581 1302 2631 illas,
1325 2593 1455 2635 quas
1477 2582 1651 2625 secum
1672 2583 1840 2626 attulit
1858 2595 1945 2626 me
1964 2584 2183 2627 inuisens
2203 2584 2552 2628 ROTHMAN-

393 2636 535 2686 NVS,
562 2649 666 2679 una
693 2649 815 2680 cum
840 2639 971 2681 meis
996 2639 1409 2692 responsionibus
1435 2651 1715 2695 apponam.
1737 2641 1805 2684 Vt
1825 2645 2002 2685 autem
2022 2642 2086 2685 de
2107 2643 2287 2686 ordine
2306 2642 2408 2686 hoc
2428 2654 2552 2686 non-

390 2694 511 2736 nihil
531 2694 816 2749 interrupto
838 2697 1136 2740 admonitus
1154 2698 1293 2749 esses,
1316 2698 1529 2752 syncere
1546 2698 1747 2751 Lector,
1767 2702 1820 2743 te
1836 2700 1953 2744 haec
1967 2701 2207 2754 praescire
2221 2701 2376 2745 uoluI.
2400 2701 2548 2745 Nunc

388 2752 538 2806 igitur
559 2754 625 2796 ad
646 2765 723 2804 ea,
746 2755 811 2797 de
831 2755 1016 2808 quibus
1035 2755 1275 2799 indicaui.

2249 3400 2544 3452 LITERAE

2609 1115 2650 1150 10

2591 1399 2672 1442 170

2608 1546 2648 1581 15

2601 1837 2647 1871 20

2599 2127 2644 2161 25

2598 2708 2643 2742 35
