2748 4204
94 1143 136 1177 10

83 1419 140 1463 47

93 1499 135 1533 15

91 1853 137 1888 20

982 337 1228 388 LIBER
1256 341 1578 394 PRIMUS
2315 347 2382 398 75

184 484 343 548 quod
362 482 539 534 sciam
553 479 826 532 Celfitud.
841 478 906 529 T.
925 477 1018 529 his
1031 477 1452 534 Astronomicis
1472 483 1646 535 rebus
1666 484 1924 547 impense
1945 483 2233 546 delecstari,
2255 502 2382 550 par-

183 558 288 608 tim
306 561 367 606 vt
385 566 618 605 moram
637 553 700 601 in
720 549 1126 614 respondendo
1150 550 1435 605 hactenus
1463 554 1760 606 admissam
1785 555 1906 619 ipsa
1931 558 1994 606 in
2020 556 2383 609 rescribendo

184 627 355 691 copia
379 621 903 686 recompensarem.
932 620 1026 672 Ne
1053 636 1195 674 vero
1221 624 1469 675 modum
1494 628 1558 676 in
1583 632 1830 689 vtroque
1859 627 2138 678 excedere
2164 628 2382 687 videar,

182 697 493 760 Tuamque
511 692 782 746 Celfitud.
803 694 990 743 nimia
1009 693 1341 755 prolixitate
1361 695 1676 757 molestem,
1698 713 1856 748 nunc
1876 697 2059 748 finem
2078 698 2308 758 faciam,
2332 699 2384 750 8(

183 774 410 825 caetera,
428 765 469 816 fi
485 780 621 829 quae
636 763 733 815 hic
748 762 1161 825 defiderantur,
1176 764 1325 817 Tuae
1342 766 1613 818 Celfitud.
1630 768 2056 820 Mathematico
2071 784 2174 833 per
2188 769 2384 821 literas

183 837 471 892 indicabo,
500 835 564 888 Id
589 835 792 887 saltem
811 833 1007 886 Tuam
1029 834 1300 888 Celfitud.
1325 836 1696 902 Colophonis
1722 838 1853 890 loco
1881 839 2180 891 humiliter
2207 840 2259 891 8(
2285 841 2382 892 ob-

182 913 319 962 nixe
345 907 607 968 obtestor,
633 912 694 958 vt
720 904 996 957 omnibus
1019 910 1220 959 neruis
1241 907 1397 959 hanc
1417 909 1686 961 diuinam
1706 909 2010 961 Astrorum
2030 910 2328 963 scientiam
2349 928 2385 963 a

181 979 428 1040 mendiS,
450 978 663 1043 quibus
682 977 870 1036 scatet,
891 976 1208 1039 vindicare,
1231 980 1732 1044 excultioremque
1753 981 2011 1042 reddere,
2034 982 2193 1045 quod
2208 985 2385 1034 etiam

182 1053 381 1116 suapte
400 1050 601 1116 sponte
622 1046 907 1101 hactenus
929 1051 1154 1114 egregie
1171 1048 1471 1111 factitauit,
1493 1054 1556 1102 in
1574 1051 1867 1115 posterum
1881 1055 2066 1117 magis
2081 1056 2384 1117 magisque

183 1125 386 1176 conari
411 1137 535 1173 non
560 1122 915 1172 intermittat.
943 1119 1078 1172 Hac
1106 1124 1266 1172 enim
1291 1124 1520 1174 ratione
1541 1122 1606 1174 T.
1630 1122 1818 1174 Celfit.
1840 1124 1998 1187 apud
2020 1139 2260 1175 omnem
2280 1125 2384 1175 Po-

181 1195 491 1247 steritatem
515 1199 638 1244 tam
663 1191 971 1243 sublimem
997 1191 1049 1243 8(
1076 1192 1346 1244 diuinam
1370 1193 1671 1245 scientiam
1696 1201 2129 1255 veneraturam,
2159 1197 2384 1259 gratissi-

181 1281 344 1318 mam
370 1264 857 1326 diutissimamque
882 1261 968 1313 sui
993 1266 1349 1315 memoriam
1375 1264 1756 1325 conseruabit,
1786 1281 1921 1329 quae
1949 1281 2020 1317 eo
2046 1269 2232 1331 magis
2258 1282 2384 1330 per-

181 1344 361 1403 petua
387 1334 868 1400 praestantiorque
899 1335 1021 1394 erit,
1052 1335 1213 1398 quod
1241 1351 1366 1387 non
1396 1351 1427 1387 e
1456 1339 1718 1397 terreniS‚
1747 1336 1799 1388 &
1826 1339 2084 1388 interitui
2113 1337 2385 1402 obnoxijs

183 1408 373 1468 rebuS,
395 1402 416 1476 ΙΙ
437 1422 585 1471 quas
604 1405 815 1470 vulgus
834 1404 1076 1469 suspicit,
1104 1414 1447 1471 comparata
1465 1407 1544 1459 fit.
1573 1407 1761 1459 Nouit
1781 1407 1970 1460 Celfit.
1993 1408 2124 1459 Tua
2147 1407 2261 1459 hoc
2280 1408 2386 1459 stu-

183 1481 348 1532 dium
358 1494 483 1531 non
495 1478 598 1529 esse
611 1478 896 1528 tenuioris
910 1476 1165 1529 fortunae
1179 1478 1512 1538 hominum,
1527 1494 1722 1543 neque
1737 1479 1810 1531 ab
1826 1479 1955 1539 illis,
1972 1479 2192 1531 etiamfi
2207 1495 2387 1543 quam

182 1553 440 1604 maxime
462 1554 757 1613 cuperent,
778 1547 1300 1614 intelligerentque,
1323 1549 1518 1601 debito
1532 1550 1712 1602 modo
1729 1550 1916 1601 excoli
1930 1552 2095 1614 posse.
2113 1551 2386 1615 Cumque

182 1622 382 1675 nullus
402 1621 464 1673 fit
483 1626 695 1685 praeter
714 1618 779 1671 T.
802 1618 992 1671 Celfit.
1014 1622 1165 1671 inter
1185 1636 1393 1673 omnes
1415 1621 1671 1686 Europae
1688 1622 1984 1686 Principes
1998 1622 2187 1682 Viros,
2210 1638 2388 1686 quem

183 1694 350 1747 Deus
370 1693 484 1744 hoc
505 1691 768 1743 Heroico
788 1693 1026 1756 ingenio
1048 1694 1288 1752 ornarit,
1314 1699 1375 1744 vt
1399 1700 1522 1745 tam
1545 1693 1795 1745 arduam
1815 1693 2112 1745 scientiam
2132 1695 2387 1757 penitius

183 1764 482 1830 intelligat,
510 1778 763 1827 eamque
790 1762 864 1814 ab
892 1763 1186 1816 erroribus
1206 1763 1523 1824 vindicare,
1552 1764 1604 1815 8(
1631 1765 1906 1816 omnibus
1929 1765 2120 1816 modis
2140 1765 2386 1816 redinte-

183 1852 349 1903 grare
363 1838 534 1896 norit,
550 1835 713 1887 decet
726 1833 864 1885 sane
875 1833 1070 1886 Tuam
1082 1835 1271 1887 Celfit.
1288 1834 1467 1887 huius
1479 1836 1821 1900 Principalis
1835 1835 1886 1887 &
1898 1836 2180 1900 Principis
2195 1838 2386 1900 cogni-

183 1911 347 1961 tione
376 1907 711 1972 dignissimae
743 1905 995 1958 scientiae
1032 1922 1157 1970 prae
1197 1910 1421 1959 caeteris
1452 1910 1592 1959 viris
1624 1907 1988 1972 Principibus
2025 1910 2388 1971 praecipuam

102 2035 106 2037 ,
185 1982 363 2032 etiam
389 1993 594 2030 curam
617 1993 834 2042 gerere,
863 1977 1102 2042 eiusque
1128 1978 1627 2039 instaurationem,
1656 1979 1708 2030 8(
1735 1978 1810 2030 ad
1832 1979 2225 2030 Posteritatem
2253 1994 2387 2029 con-

91 2210 136 2245 25

94 2947 140 2983 35

95 3362 142 3397 40

183 2051 593 2110 seruationem,
615 2051 780 2100 omni
800 2055 1019 2101 conatu
1032 2050 1244 2101 moliri.
1267 2050 1404 2102 Hoc
1419 2053 1598 2102 etiam
1611 2053 1855 2101 nomine
1869 2050 2001 2101 Tua
2016 2049 2204 2102 Celfit.
2219 2049 2388 2101 suum

185 2121 680 2174 Mathematicum
719 2119 1415 2173 CHRISTOPHORVM
1455 2121 2080 2181 ROTHMANNVM‚
2124 2120 2225 2172 fibi
2265 2136 2388 2185 prae

185 2194 316 2260 alijs
337 2192 817 2246 commendatum
839 2190 1072 2253 habeat,
1100 2209 1172 2244 eo
1194 2192 1354 2257 quod
1373 2193 1564 2257 ipsum
1583 2192 1736 2245 hisce
1758 2195 2045 2258 exercitijs
2066 2192 2389 2244 admodum

183 2265 453 2317 solertem
482 2263 535 2315 8(
562 2263 800 2316 fidelem
828 2279 1055 2315 nauare
1086 2280 1347 2328 operam,
1378 2280 1447 2316 ac
1474 2263 1693 2316 exactae
1719 2267 1978 2316 veritatis
2004 2264 2389 2328 percupidum

186 2338 288 2389 esse
309 2337 714 2400 indagatorem
732 2335 933 2387 multis
952 2336 1183 2401 indicijs
1198 2336 1558 2401 cognoscam.
1575 2336 1797 2387 Verum
1811 2335 2245 2399 superuacaneo
2260 2334 2389 2386 haec

184 2408 332 2460 Tuae
348 2407 494 2459 Cels.
515 2406 771 2472 suggero,
794 2422 931 2458 cum
950 2406 1054 2459 sua
1073 2407 1275 2472 sponte
1296 2410 1500 2459 animo
1520 2407 1583 2459 fit
1603 2408 1678 2459 ad
1698 2423 1790 2458 res
1810 2407 2245 2458 Astronomicas
2266 2421 2387 2457 am-

185 2478 531 2545 plificandas
556 2477 1004 2543 propenfissimO.
1036 2479 1104 2530 In
1131 2495 1251 2543 quo
1277 2479 1570 2544 proposito
1597 2479 1763 2530 Deus
1790 2478 2156 2530 admirandae
2185 2476 2236 2527 8(
2262 2476 2387 2540 pul-

186 2549 494 2603 cherrimae
526 2549 706 2601 huius
737 2549 1034 2602 machinae
1067 2550 1305 2603 caelestis
1338 2550 1569 2610 author,
1603 2549 1797 2601 Tuam
1827 2549 2015 2601 Celfit.
2051 2564 2231 2612 quam
2264 2548 2387 2600 diu-

185 2623 401 2682 tissime,
432 2637 568 2673 cum
596 2621 750 2673 felici
780 2624 1051 2673 omnium
1081 2624 1267 2674 animi
1294 2621 1346 2673 8(
1372 2624 1632 2685 corporis
1661 2620 1958 2672 bonorum
1983 2619 2226 2671 successu
2252 2634 2387 2670 con-

186 2693 394 2745 firmet.
426 2692 637 2744 Valeat
667 2692 798 2745 Tua
833 2692 979 2745 Cels.
1013 2693 1066 2744 8(
1097 2709 1333 2745 mecum
1366 2693 1437 2744 de
1469 2693 1583 2744 hoc
1615 2692 1735 2756 ipso
1761 2691 2043 2743 AEthereo
2076 2690 2128 2741 8(
2159 2689 2389 2742 sublimi

186 2767 420 2830 negotio
434 2764 675 2816 vlterius
691 2764 972 2825 conferre,
990 2764 1224 2829 suisque
1239 2764 1419 2816 literis
1433 2764 1682 2815 reuisere
1698 2779 1820 2815 non
1835 2763 2192 2826 dedignetur.
2215 2761 2388 2812 Datae

186 2836 540 2901 Vraniburgi
559 2836 632 2888 18.
654 2836 748 2888 die
770 2836 1048 2901 Ianuarij‚
1070 2836 1252 2887 Anno
1273 2836 1358 2888 87.

1169 2930 1318 2982 Tuae
1340 2929 1682 2982 Celfitudini
1702 2927 2106 2981 addictissimus

1734 3011 1974 3063 TYCHO
2001 3011 2245 3062 BRAHE.

260 3177 358 3220 Etsi
377 3177 431 3220 in
450 3177 624 3232 primo
638 3177 807 3221 Tomo
823 3178 1193 3221 Recentiorum
1208 3177 1483 3220 AEthereae
1497 3175 1734 3230 Regionis
1747 3175 2158 3225 Phaenomenon,
2180 3173 2245 3215 de
2259 3172 2390 3215 locis

192 3236 477 3280 affixarum
509 3237 791 3280 Stellarum
822 3238 875 3280 in
906 3238 1168 3292 integrum
1200 3235 1542 3286 restituendis,
1582 3234 1785 3289 plenius
1817 3235 1858 3277 8(
1892 3234 2035 3287 quafi
2067 3245 2134 3276 ex
2165 3231 2388 3286 professo

189 3294 483 3339 tracstarim:
525 3296 876 3340 Nihilominus
914 3309 979 3340 ea
1018 3308 1139 3351 quae
1178 3295 1413 3339 Illustriss.
1447 3294 1669 3348 Principi
1703 3292 2084 3337 GVILIELMO
2122 3290 2389 3333 HASSIAE

192 3355 686 3408 LANDTGRAVIO,
706 3360 833 3400 tunc
853 3356 1110 3411 temporis
1130 3356 1276 3398 iuxta
1296 3355 1451 3409 ipsius
1471 3353 1779 3408 petitionem
1793 3364 1822 3395 e
1836 3352 2010 3395 nostra
2026 3350 2253 3394 Officina
2273 3360 2389 3403 pro-

191 3415 405 3458 deuntia
431 3415 841 3468 transmiseram,
875 3416 960 3459 hic
995 3416 1192 3458 addere
1221 3416 1410 3469 placet,
1444 3416 1502 3456 ut
1530 3413 1744 3456 videant
1772 3411 2121 3455 Astronomiae
2150 3408 2386 3458 Studiosi,

335 3487 400 3523 10*
2256 3485 2388 3521 eam
