2748 4204
424 327 511 377 174
769 319 1369 373 EPISTOLARUM
1395 317 2223 369 ASTRONOMICARUM

422 464 471 513 &
492 462 735 513 caudam
754 460 945 510 versus
961 457 1318 510 Orientalem
1332 457 1565 519 Plagam
1588 456 1855 518 (ideoque
1876 457 1937 504 in
1957 454 2120 513 Solis,
2143 457 2243 517 qui
2261 457 2380 507 iam
2400 471 2564 508 occu-

419 534 632 588 buerat,
671 536 858 593 partes
890 526 1194 590 oppositas)
1229 526 1544 588 porrexisse‚
1582 525 1734 575 hanc
1765 527 2056 587 praecipue
2089 523 2564 577 obseruationem

419 604 844 655 commemorat,
876 597 1030 659 quod
1057 596 1147 645 die
1174 595 1256 645 20.
1284 594 1536 657 Augusti,
1568 596 1667 656 qui
1692 593 1866 655 plane
1891 593 2046 643 idem
2072 593 2145 643 est
2172 608 2304 644 cum
2331 609 2417 654 e0‚
2448 611 2564 659 quo

418 669 665 719 Illustriss.
687 668 954 728 Princeps
975 665 1280 716 Cometam
1302 679 1419 714 vna
1445 678 1577 713 cum
1603 662 1804 713 caudae
1832 661 2004 713 ductu
2029 662 2221 713 versus
2248 670 2564 716 extremam

417 738 570 787 Vrsae
586 737 828 786 Maioris
849 734 1175 797 defignauit,
1191 733 1421 796 Vesperi
1443 734 1565 782 eius
1586 732 1907 782 distantiam
1924 732 1996 782 ab
2011 730 2256 783 Arc‘turo
2276 733 2564 785 dimensus

416 807 475 856 sit
495 807 639 856 Part.
662 806 743 855 30.
766 805 911 854 Min.
933 804 1022 861 32;
1050 803 1140 853 Ab
1162 817 1232 852 ea
1251 817 1389 852 vero
1410 801 1543 864 ipsa,
1571 816 1704 863 quae
1726 801 1879 851 estin
1898 800 2014 851 fine
2036 801 2238 852 caudae
2258 802 2414 853 Vrsae
2434 803 2563 855 Ma-

415 878 550 926 ioris
566 875 709 925 Part.
725 874 807 924 28.
824 874 970 923 Min.
986 873 1069 923 33.
1092 872 1361 934 Cumque
1382 871 1456 921 ad
1474 870 1641 920 illum
1660 871 1903 920 Annum
1923 870 2092 921 fuerit
2111 870 2340 923 Arcturi
2360 872 2563 937 Longi-

415 946 529 995 tud.
550 947 610 994 in
631 944 774 994 Part.
791 943 860 993 18.
883 943 1028 992 Min.
1045 942 1092 991 4.
1115 946 1191 999 ις-ι,
1214 940 1457 991 Latitud.
1478 940 1624 990 Part.
1646 939 1717 989 31.
1740 940 1887 990 Min.
1908 940 1955 990 2.
1978 940 2108 991 Bor.
2131 939 2182 990 &
2201 943 2325 992 eius
2345 957 2478 1005 quae
2503 946 2565 994 in

416 1014 600 1064 cauda
618 1013 773 1063 Vrsae
800 1012 944 1063 Part.
966 1012 1048 1061 20.
1077 1011 1224 1061 Min.
1245 1010 1328 1060 44.
1357 1017 1439 1073 m),
1466 1008 1711 1059 Latitud.
1739 1009 1884 1059 Part.
1912 1009 1995 1061 54.
2025 1009 2108 1060 M.
2136 1010 2219 1061 25.
2247 1011 2377 1062 Bor.
2404 1014 2566 1063 iuxta

415 1083 661 1134 nostram
690 1085 751 1132 in
778 1082 1050 1131 Fixarum
1078 1080 1217 1130 locis
1247 1079 1670 1137 restitutionem,
1702 1084 2031 1141 competens
2061 1082 2164 1130 erit
2190 1095 2261 1130 ex
2286 1081 2564 1145 assignatis

414 1151 948 1214 intercapedinibus,
983 1150 1244 1201 Cometae
1272 1149 1467 1199 locum
1494 1148 1755 1207 incidisse,
1789 1148 1983 1211 quoad
2012 1149 2471 1212 Longitudinem,
2502 1153 2564 1202 in

414 1223 557 1272 Part.
575 1222 645 1271 13.
661 1221 744 1271 M.
760 1221 842 1271 36.
860 1228 940 1284 m),
964 1235 1095 1270 cum
1115 1219 1440 1269 Latitudine
1460 1218 1606 1268 Part.
1624 1217 1708 1268 26.
1731 1218 1942 1268 Minut.
1960 1218 2043 1269 23.
2065 1219 2269 1278 Borea,
2291 1220 2446 1282 quod
2466 1221 2563 1272 ad-

413 1291 653 1341 modum
681 1289 1004 1340 senfibiliter
1032 1289 1104 1339 ab
1135 1303 1204 1339 ea
1237 1303 1414 1351 quam
1445 1287 1698 1346 adduciS‚
1732 1289 2108 1338 annotatione
2141 1288 2429 1352 discrepat.
2463 1290 2564 1341 Sin

413 1367 607 1411 autem
629 1375 730 1422 per
749 1359 904 1409 hunc
923 1359 1133 1417 locum,
1155 1373 1190 1408 a
1210 1357 1341 1409 Sole
1361 1360 1423 1407 111
1442 1357 1588 1408 Part.
1610 1357 1657 1408 6.
1680 1357 1827 1407 Min.
1847 1357 1931 1408 36.
1954 1364 2036 1422 m),
2063 1363 2122 1408 vt
2147 1358 2280 1418 dixi,
2306 1359 2563 1410 versante

414 1430 687 1480 educatur
715 1444 881 1480 arcus
910 1443 1154 1491 magnus
1181 1427 1375 1478 versus
1404 1427 1666 1477 vltimam
1695 1426 1897 1477 caudae
1923 1426 2096 1486 Vrsae,
2125 1427 2254 1478 satis
2282 1443 2461 1492 prope
2490 1430 2563 1480 ad

413 1499 646 1550 Stellam
671 1498 830 1549 illam
857 1498 1100 1557 accedet,
1127 1500 1206 1547 ita
1225 1504 1284 1547 vt
1308 1499 1459 1547 intra
1477 1496 1624 1547 Part.
1646 1497 1723 1549 31.
1744 1496 1880 1547 huic
1900 1511 2106 1547 reuera
2125 1500 2563 1562 appropinquet,

411 1568 760 1619 tantillulum
789 1568 986 1618 saltem
1012 1567 1206 1617 versus
1235 1567 1459 1617 Booten
1488 1565 1826 1630 digredienS,
1856 1567 2004 1618 adeo
2028 1573 2087 1617 vt
2115 1566 2155 1617 fi
2181 1566 2331 1618 Solis
2357 1563 2377 1634 ΙΙ
2402 1568 2564 1619 locus

411 1639 714 1688 assumatur
739 1640 914 1687 ternis
938 1636 1341 1687 tantummodo
1364 1636 1657 1687 Gradibus
1683 1635 1932 1695 vlterior,
1959 1642 2152 1699 vtpote
2177 1638 2239 1687 111
2261 1637 2338 1691 91.
2361 1645 2443 1702 m),
2471 1653 2564 1688 ex-

412 1707 607 1770 quifite
638 1710 699 1757 in
730 1722 911 1757 vnum
943 1708 1163 1757 Arcum
1196 1706 1413 1757 Circuli
1444 1708 1640 1769 magni
1672 1705 1786 1765 Sol,
1826 1712 1996 1769 caput
2029 1706 2307 1766 Cometae,
2341 1706 2565 1759 eductio

411 1777 628 1836 caudae,
659 1777 709 1827 &
737 1777 1017 1840 postrema
1046 1779 1107 1826 in
1132 1775 1273 1827 Vrsa
1300 1778 1521 1827 maiore
1551 1775 1893 1826 coincidant.
1924 1776 2072 1827 Haec
2100 1791 2239 1827 vero
2268 1791 2389 1827 non
2417 1778 2565 1829 adeo

410 1862 621 1910 magna
641 1847 1015 1909 discrepantia
1034 1846 1189 1909 apud
1209 1846 1588 1909 intelligentes
1607 1848 1669 1896 in
1688 1845 1787 1896 isto
1807 1848 2037 1909 negotio
2063 1845 2229 1897 facile
2256 1846 2564 1898 excusatio-

410 1931 545 1967 nem
571 1923 835 1967 meretur.
863 1916 1160 1979 Siquidem
1185 1913 1387 1966 duffitus
1414 1916 1616 1966 caudae
1641 1915 1839 1966 saltem
1865 1915 1938 1966 ad
1963 1918 2236 1966 intuitum
2261 1915 2566 1968 denotatus

411 1986 499 2045 est,
530 1989 629 2048 qui
655 1986 820 2036 facile
846 1988 907 2036 in
932 1992 1092 2037 tanta
1118 1985 1378 2036 distantia
1402 2000 1503 2048 per
1528 1991 1722 2036 ternos
1749 1985 1999 2044 GraduS‚
2029 1986 2454 2037 aberrationem
2481 1989 2565 2037 in-

410 2055 634 2106 sinuare
654 2059 852 2118 potuit.
875 2056 1082 2118 Neque
1104 2058 1261 2106 enim
1281 2055 1504 2106 summa
1517 2054 1772 2119 praecisio
1786 2054 1897 2106 hoc
1911 2053 2078 2118 pacto
2093 2054 2329 2114 elicitur,
2351 2055 2402 2106 &
2421 2058 2564 2107 veri-

410 2125 587 2175 fimile
613 2125 685 2176 est
714 2125 965 2176 Illustriss.
992 2126 1331 2188 Principem,
1359 2140 1491 2175 cum
1516 2124 1680 2175 nulla
1708 2124 1825 2176 alia
1853 2124 2009 2176 clara
2037 2124 2212 2176 Stella
2239 2131 2359 2176 tam
2386 2141 2564 2189 prope

411 2202 745 2254 occurreret,
783 2211 885 2259 per
922 2210 1098 2258 quam
1137 2195 1339 2246 caudae
1377 2194 1626 2245 extenfio
1664 2194 2064 2258 designaretur,
2101 2194 2254 2245 hanc
2284 2201 2565 2258 tanquam

409 2267 735 2328 proximam
763 2266 1066 2328 arripuisse,
1096 2280 1132 2315 a
1161 2281 1278 2328 qua
1307 2267 1482 2315 etiarn
1509 2263 1899 2315 insensibiliter
1927 2264 2129 2315 caudae
2161 2265 2433 2315 indicatio
2462 2265 2563 2316 dif-

409 2334 571 2393 ferre,
604 2335 798 2397 quoad
829 2333 1117 2398 aspedtum
1149 2334 1594 2398 dignoscebatur.
1633 2334 1892 2397 Apparet
1922 2336 2116 2397 itaque
2148 2349 2326 2397 quam
2356 2350 2565 2398 parum

409 2404 627 2468 subfidij
651 2404 786 2455 hinc
807 2404 1066 2455 obtineas
1086 2405 1159 2455 ad
1179 2404 1574 2455 stabiliendam
1586 2411 1749 2454 tuam
1763 2404 1833 2455 de
1846 2404 2038 2455 barbis
2053 2403 2431 2455 Cometarum
2444 2404 2563 2455 sen-

408 2476 661 2532 tentiam,
692 2475 1057 2537 aliorumque
1088 2475 1478 2532 euertendam,
1509 2489 1642 2537 quae
1667 2473 1863 2524 multis
1889 2473 2167 2537 exemplis
2193 2474 2566 2538 comprobata

409 2543 496 2601 est,
525 2559 656 2594 cum
681 2547 872 2607 potius
893 2547 1248 2595 contrarium
1266 2551 1383 2595 tuae
1403 2542 1721 2595 inductioni
1741 2543 1877 2594 hinc
1896 2543 2179 2606 sequatur.
2207 2544 2365 2594 Nam
2390 2543 2565 2595 huius

409 2616 581 2664 etiam
598 2614 857 2665 Cometae
878 2615 1126 2665 caudam
1140 2614 1289 2665 Solis
1303 2620 1492 2677 partes
1507 2613 1792 2677 oppositas
1806 2613 1936 2664 satis
1949 2613 2226 2676 partiliter
2239 2613 2564 2673 obseruasse,

408 2698 530 2733 rem
545 2699 780 2734 omnem
801 2682 1197 2747 circumspecte
1218 2683 1429 2747 absque
1449 2683 1786 2747 praeiudicio
1806 2682 2224 2746 perpendentes
2244 2698 2366 2734 non
2384 2685 2565 2734 inuite

409 2754 736 2804 concedent.
765 2754 877 2804 Fac
902 2754 1099 2805 saltem
1124 2753 1358 2816 ipsemet
1377 2755 1438 2804 in
1460 2753 1654 2804 Globo
1677 2752 1998 2816 periculum
2018 2752 2284 2803 &locum
2305 2753 2565 2804 Cometae

409 2823 620 2873 denota
644 2826 805 2874 iuxta
830 2824 1118 2874 distantias
1138 2839 1174 2874 a
1194 2823 1471 2874 Cornelio
1493 2823 1747 2874 Gemma
1772 2838 1808 2873 a
1833 2821 1993 2874 dictis
2013 2822 2166 2872 Fixis
2190 2822 2564 2882 mensurataS,

410 2892 771 2955 caudamque
799 2896 923 2943 eius
948 2893 1218 2943 nonnihil
1244 2909 1280 2944 a
1306 2907 1546 2956 corpore
1571 2891 1843 2956 protrahe
1863 2895 1924 2942 in
1944 2892 2092 2943 Solis
2112 2892 2187 2943 ad
2206 2893 2283 2945 61.
2306 2899 2371 2957 m>
2392 2892 2564 2943 collo·

410 2965 518 3011 cati
531 2969 720 3024 partes
735 2965 1067 3022 contrariaS‚
1088 2962 1349 3025 facieque
1365 2962 1512 3014 Caeli
1527 2962 1802 3026 disposita,
1824 2962 2012 3025 qualis
2028 2968 2148 3013 erat
2161 2963 2323 3012 iuxta
2336 2962 2566 3014 Horam

410 3046 628 3082 nonam
650 3035 773 3082 eius
794 3033 922 3091 diei,
943 3034 1023 3082 ita
1040 3039 1100 3083 vt
1118 3033 1189 3083 21.
1213 3032 1447 3084 Gradus
1475 3040 1551 3096 m,
1574 3032 1972 3083 Meridianum
1992 3038 2245 3095 occupet,
2266 3031 2453 3095 ficque
2472 3031 2564 3082 fir-

409 3107 566 3151 mato
601 3101 794 3152 Globo
826 3101 1026 3164 aspice,
1063 3102 1335 3165 quorsum
1368 3102 1555 3153 cauda
1585 3104 1774 3165 primo
1805 3103 2016 3152 intuitu
2048 3101 2336 3165 dirigatur,
2368 3103 2564 3165 vtique

409 3170 626 3220 videbis
654 3170 815 3221 illam
845 3171 1003 3233 quasi
1031 3174 1093 3221 in
1114 3174 1386 3222 verticem
1413 3171 1662 3230 tendere,
1691 3170 1742 3222 &
1767 3171 1807 3221 11
1835 3169 2112 3234 producta
2140 3170 2563 3234 intelligeretur,

409 3239 554 3290 nulli
568 3243 804 3303 propius
820 3240 1108 3303 insigniori
1123 3240 1313 3291 Stellae
1329 3256 1644 3300 occurrere,
1666 3256 1844 3304 quam
1859 3243 1927 3300 ei,
1946 3255 2079 3303 quae
2092 3240 2358 3291 vltimum
2371 3240 2565 3291 locum

410 3309 611 3360 caudae
626 3309 780 3360 Vrsae
796 3310 1040 3360 Maioris
1055 3317 1223 3361 tenet.
1245 3310 1400 3361 Licet
1420 3313 1576 3361 enim
1597 3311 1866 3374 quaedam
1885 3310 1947 3361 fit
1966 3310 2255 3362 minutula
2272 3312 2334 3360 in
2352 3309 2564 3361 sinistro

2350 3379 2563 3431 lacerto

2617 1098 2657 1133 10

2615 1446 2656 1480 15

2600 1577 2680 1620 145

2613 2142 2658 2175 25

2613 2837 2658 2872 35

2612 3185 2658 3219 40
