2748 4204
400 346 468 396 40
748 344 1351 397 EPISTOLARUM
1378 345 2209 398 ASTRONOMICARUM

400 481 547 534 dicta
571 486 793 534 ratione
819 486 1119 535 inuentam
1138 483 1471 547 AEquatoris
1491 484 1892 536 Eleuationem
1912 487 1973 535 in
1994 484 2290 536 confilium
2311 485 2550 537 adhibu-

400 556 519 611 erit,
546 551 1026 616 Refractionisque
1053 568 1185 616 quae
1210 552 1273 604 fit
1299 553 1449 605 infra
1470 554 1813 605 tricefimum
1832 554 2074 618 gradum
2093 554 2428 606 Altitudinis
2446 557 2550 606 im-

398 622 766 684 plicationem
790 625 1145 685 praecauerit,
1174 626 1496 686 experietur
1520 626 1715 686 vtique
1741 623 1957 675 Solaris
1983 622 2176 674 cursus
2201 627 2549 675 numeratio-

399 706 533 741 nem
562 707 597 742 a
625 692 791 742 nobis
820 691 1196 743 adinuentam
1224 693 1593 756 Apparentijs
1624 692 1961 744 Coelestibus
1993 691 2188 745 exacte
2220 692 2549 745 consentire.

399 760 593 823 Quam
607 776 745 812 vero
765 768 898 811 ante
919 764 1118 812 omnia
1137 763 1504 812 necessarium
1523 762 1691 813 fuerit
1706 762 1854 813 Solis
1873 768 2098 813 motum
2116 762 2436 826 scrupulose
2457 778 2551 814 ex·
2600 780 2621 814 5

397 830 686 893 ploratum
700 830 929 889 habere,
945 830 984 880 fi
999 845 1068 881 ea
1082 846 1214 894 quae
1229 834 1289 881 in
1297 831 1595 882 Astrorum
1609 834 1932 895 cognitione
1946 831 2334 883 defiderantur
2345 835 2552 884 certius

397 900 764 951 instauranda
778 899 896 959 fint,
911 899 1040 951 Tua
1054 900 1343 951 Celfitudo
1357 916 1731 964 nequaquam
1744 904 1988 965 ignorat:
2011 916 2144 952 cum
2162 901 2278 952 fine
2297 900 2425 961 hoc,
2446 917 2552 953 nec

397 970 556 1019 Anni
588 968 786 1021 exacta
818 972 1123 1032 quantitas,
1156 985 1289 1033 quae
1319 976 1586 1021 motuum
1616 970 1884 1022 mensura
1913 970 2002 1030 est,
2035 986 2140 1022 nec
2172 973 2552 1022 inerrantium

398 1039 631 1101 quidem
651 1038 973 1098 Stellarum,
998 1039 1180 1090 multo
1200 1042 1393 1090 minus
1414 1042 1786 1091 erraticarum
1807 1043 1906 1103 qui
1927 1055 1998 1091 ex
2017 1039 2107 1091 his
2125 1046 2295 1104 patet,
2316 1039 2449 1091 fitus
2467 1042 2551 1091 in-

397 1108 594 1172 dagari
622 1115 810 1171 queat.
840 1108 1136 1171 Siquidem
1166 1108 1314 1160 Solis
1343 1108 1631 1160 reuolutio
1660 1112 1926 1160 omnium
1954 1116 2294 1161 caeterarum
2322 1109 2551 1161 reuolu-

395 1180 620 1228 tionum
636 1177 967 1229 Coelestium
987 1193 1195 1229 norma
1214 1177 1491 1242 regularis
1512 1178 1703 1230 existit.
1725 1178 1881 1240 Quid
1900 1194 2039 1230 vero
2059 1181 2121 1230 in
2140 1179 2358 1230 Lunari
2378 1181 2553 1231 etiam

397 1246 560 1298 cursu
579 1262 700 1298 non
718 1250 930 1298 minori
950 1247 1243 1311 diligentia
1256 1263 1292 1298 a
1304 1247 1472 1298 nobis
1487 1247 1705 1299 caelitus
1718 1247 2109 1313 peruestigato,
2129 1251 2306 1312 inque
2321 1255 2552 1300 caetero·

395 1332 525 1368 rum
544 1316 914 1368 Planetarum
933 1323 1096 1368 motu
1117 1317 1523 1376 examinandO,
1545 1316 1597 1368 &
1615 1314 1994 1369 rectificandis
2008 1317 2338 1370 Affixarum
2355 1317 2551 1370 Stena-

395 1401 525 1437 rum
545 1386 702 1445 lociS,
729 1384 1008 1437 hactenus
1028 1401 1149 1436 non
1167 1386 1444 1437 mediocri
1464 1386 1687 1437 Labore
1708 1387 1759 1438 ἃ
1779 1386 2093 1451 Diligentia
2111 1387 2550 1451 prael'titerimuS,

396 1455 661 1507 Celfitud.
682 1455 746 1506 T.
776 1455 877 1506 suo
905 1462 1179 1518 tempore,
1208 1455 1304 1506 vbi
1333 1458 1533 1507 omnia
1560 1458 1621 1506 in
1647 1457 1911 1508 ordinem
1939 1455 2183 1516 redacta,
2214 1456 2265 1508 &
2292 1457 2552 1521 pluribus

396 1524 907 1576 Obseruationibus
936 1523 1180 1576 adaudta
1208 1524 1435 1584 fuerint,
1466 1525 1759 1589 cognoscet
1786 1541 1853 1577 ac
1880 1525 2227 1590 dijudicabit.
2259 1527 2326 1578 In
2352 1529 2552 1590 primis

395 1597 551 1645 enim
564 1594 628 1645 T.
644 1594 787 1646 Cels.
802 1595 1016 1645 iudicio
1030 1594 1197 1645 hosce
1211 1609 1374 1645 meos
1387 1594 1615 1646 labores
1628 1593 1904 1647 subiecios
1918 1596 2109 1656 velim,
2126 1611 2195 1648 eo
2210 1597 2367 1660 quod
2379 1596 2553 1648 sciam

396 1663 661 1716 Celfitud.
681 1663 872 1714 Tuam
897 1666 958 1714 in
983 1663 1093 1714 hac
1119 1664 1368 1715 Scientia
1394 1667 1674 1715 eximium
1692 1665 2006 1725 Artificem,
2031 1665 2207 1718 solide
2233 1666 2303 1718 de
2328 1666 2419 1718 his
2443 1661 2552 1734 re·}l

393 1733 501 1784 bus
519 1733 774 1785 iudicare
793 1734 956 1796 posse.
979 1733 1090 1784 Sed
1109 1733 1279 1784 video
1298 1749 1392 1785 me
1413 1734 1552 1785 dum
1572 1735 1803 1786 auidius
1824 1750 1957 1786 cum
1975 1735 2106 1787 Tua
2120 1735 2263 1788 Cels.
2279 1735 2350 1788 de
2363 1735 2551 1787 Astro-

393 1805 636 1854 nomicis
656 1805 897 1868 negotijs
917 1802 1232 1866 colloquor,
1259 1803 1522 1866 Epistolae
1545 1803 1698 1868 leges
1717 1806 1899 1856 nimia
1923 1804 2249 1868 prolixitate
2268 1804 2552 1857 transcen-

394 1873 544 1932 dere,
566 1872 617 1923 &
637 1873 867 1932 diutiuS,
889 1888 1066 1936 quam
1079 1887 1184 1935 par
1199 1872 1287 1932 est,
1310 1872 1721 1924 Celfitudinem
1733 1873 1924 1925 Tuam
1943 1873 2093 1926 hisce
2112 1874 2367 1939 legendis
2387 1890 2552 1927 occu·

393 1949 589 2005 patam
620 1942 890 1994 detinere.
927 1943 1127 2006 Itaque
1159 1942 1451 1994 calamum
1482 1942 1772 2004 inhibeb0‚
1805 1943 2110 2008 Tuamque
2144 1944 2553 1997 Cellitudinem

394 2012 555 2064 DEO
579 2019 698 2063 tam
719 2012 1069 2072 Coeleflium‚
1096 2027 1275 2075 quam
1293 2012 1666 2064 Terrestrium
1686 2013 2103 2066 Creaturarum
2124 2014 2374 2067 Authori
2400 2029 2551 2066 com-

393 2082 698 2134 mendabo,
727 2082 779 2133 Is
798 2082 989 2133 Tuam
1010 2082 1153 2133 Cels.
1177 2082 1227 2133 &
1250 2085 1312 2133 in
1336 2082 1453 2133 suae
1475 2082 1752 2144 Ecclefiae,
1780 2086 1944 2135 cuius
1971 2099 2186 2145 curam,
2214 2085 2371 2148 quod
2396 2099 2552 2136 nunc

393 2152 729 2203 rarissimum
759 2152 847 2211 est,
878 2154 1013 2216 agiS‚
1042 2151 1092 2202 81
1119 2151 1356 2215 Reipub.
1382 2151 1666 2213 Tutelam,
1696 2168 1763 2204 ac
1788 2152 2076 2206 bonarum
2101 2155 2349 2213 Artium,
2378 2157 2551 2218 inpri-

390 2221 608 2285 misque
641 2221 878 2273 Diuinae
909 2222 1064 2273 illius
1095 2221 1477 2273 Astronomiae
1515 2225 2008 2287 propagationem,
2047 2238 2226 2288 quam
2257 2224 2551 2275 diutissime

390 2291 743 2342 incolumem
771 2291 821 2342 81
847 2291 1149 2343 florentem
1175 2291 1486 2343 conseruet.
1513 2292 1719 2344 Valeat
1742 2292 1806 2344 T.
1835 2293 1979 2345 Cels.
2007 2293 2058 2345 81
2083 2293 2124 2344 fl
2149 2308 2282 2358 quae
2307 2293 2453 2345 mihi
2478 2294 2552 2345 ad

390 2360 517 2412 haec
537 2361 878 2425 respondere
898 2362 1177 2425 dignetur,
1204 2361 1510 2413 exhibitori
1535 2361 1747 2413 harum
1768 2366 2099 2423 committat,
2127 2366 2220 2415 cui
2242 2375 2460 2415 nomen
2479 2363 2553 2415 est

390 2430 673 2483 PETRVS
694 2431 980 2490 IACOBL
1002 2434 1101 2495 qui
1120 2431 1266 2482 mihi
1284 2447 1387 2495 per
1406 2432 1627 2495 aliquot
1642 2433 1849 2484 Annos
1863 2433 2202 2485 domesticus
2214 2432 2335 2492 fuit,
2358 2432 2409 2484 81
2427 2440 2551 2485 tum

389 2503 450 2551 in
470 2501 897 2561 AstronomiciS,
920 2507 1045 2552 tum
1065 2501 1459 2566 Pyronomicis
1480 2505 1762 2567 exercitijs
1780 2501 2013 2554 fidelem
2032 2505 2276 2555 nauauit
2295 2517 2550 2567 operam.

390 2571 642 2634 Ide0que
668 2586 790 2622 non
814 2586 915 2635 per
940 2571 1086 2622 alios
1111 2586 1378 2622 mearum
1404 2587 1598 2623 rerum
1624 2574 1872 2636 ignarOS,
1898 2572 1991 2624 sed
2017 2575 2208 2637 potius
2230 2572 2387 2624 hunc
2406 2572 2551 2624 mihi

390 2640 632 2702 charum
653 2640 703 2691 &
723 2640 970 2701 fidelem,
998 2644 1099 2705 qui
1123 2641 1292 2704 plura
1318 2644 1508 2701 etiam,
1536 2657 1716 2705 quam
1741 2642 1969 2694 calamo
1994 2642 2130 2695 libet
2155 2641 2550 2706 compraehen·

389 2710 539 2770 dere,
560 2710 655 2762 vbi
670 2726 817 2774 opus
829 2711 1014 2771 fuerit,
1036 2710 1246 2762 referre
1261 2712 1445 2775 posset,
1466 2714 1763 2776 negotium
1777 2712 2101 2776 perferendi
2115 2712 2189 2764 ad
2202 2712 2266 2773 T.
2282 2711 2427 2764 Cels.
2443 2711 2550 2764 has

390 2780 608 2831 Literas
623 2781 907 2844 expedire,
923 2784 1131 2832 certius
1146 2780 1197 2832 &
1211 2784 1654 2833 conuenientius
1669 2782 1770 2833 esse
1785 2782 1938 2834 duxi.
1961 2782 2119 2834 Huic
2132 2785 2326 2846 itaque
2340 2782 2404 2834 T.
2421 2781 2549 2834 Cel-

389 2849 546 2901 fitud.
568 2849 743 2901 fidem
763 2853 823 2901 in
844 2850 1114 2902 omnibus
1134 2850 1422 2911 adhibeat,
1443 2851 1494 2902 81
1515 2866 1648 2915 quae
1669 2852 1739 2903 ad
1762 2867 1856 2904 me
1877 2851 2178 2904 referenda
2197 2852 2408 2904 fuerint
2423 2858 2550 2903 tuto

390 2920 709 2971 concredat.
739 2920 953 2971 Iterum
971 2920 1101 2972 Tua
1121 2920 1411 2972 Celfitudo
1436 2936 1614 2984 quam
1632 2920 1936 2973 felicissime
1958 2921 2009 2972 &
2029 2923 2323 2974 diutissime
2343 2921 2548 2973 valeat.

390 2989 560 3040 Datae
574 2989 922 3054 Vraniburgi
940 2993 1002 3041 in
1023 2990 1213 3041 Insula
1232 2990 1490 3042 Porthmi
1511 2990 1723 3042 Danici
1743 2991 2021 3051 Huenna,
2043 2991 2319 3044 Calendis
2333 2990 2549 3056 Martij,

390 3059 566 3109 Anno
587 3059 727 3111 1586.
1643 3071 1706 3123 T.
1730 3072 1795 3124 C.
1817 3071 2075 3125 addictiss.

1908 3141 2144 3194 TYCHo
2168 3142 2408 3194 BRAHE.

461 3241 604 3283 Licet
623 3242 788 3284 Tomo
808 3242 959 3284 tertio
981 3242 1045 3284 de
1065 3242 1166 3285 hoc
1189 3243 1421 3293 Cometa,
1449 3243 1581 3284 Anni
1606 3243 1730 3294 1585,
1759 3244 1906 3286 cuius
1926 3243 2276 3298 principaliter
2294 3244 2344 3286 in
2365 3243 2548 3286 Literis

391 3299 814 3342 antecedentibus
839 3299 897 3341 fit
922 3300 1133 3351 mentio,
1162 3312 1226 3343 ex
1254 3300 1473 3354 professo
1500 3301 1540 3343 ἃ
1568 3302 1855 3343 luculenter
1878 3300 2162 3352 tractarim‚
2189 3305 2367 3344 tamen
2387 3301 2427 3344 ἃ
2446 3301 2547 3352 hic,

391 3369 508 3411 quae
530 3357 853 3401 Illustrissimo
874 3358 1091 3412 Principi
1116 3359 1481 3412 Landtgrauio,
1511 3359 1573 3401 de
1600 3359 1787 3402 eodem
1814 3359 2220 3410 communicaui,
2249 3359 2549 3414 nil->iungere

391 3426 494 3458 non
515 3415 883 3459 inconueniens
905 3416 1041 3458 duxi.
1064 3414 1084 3474 ΙΙ
1924 3476 2547 3530 OBSERVATIONES

2603 1126 2646 1161 lo

2603 1474 2646 1509 1⁵

2599 1744 2651 1788 12

2600 1822 2646 1857 20

2600 2171 2646 2205 25

2600 2439 2626 2480 ’Χ-

2599 2519 2645 2554 30

2599 2867 2643 2902 35

2596 3250 2642 3284 40
