2748 4204
408 322 497 372 142
755 315 1355 369 EPISTOLARUM
1382 315 2216 370 ASTRONOMICARUM

405 457 679 510 Witichio
693 456 1073 512 obseruatum,
1094 468 1284 519 neque
1298 453 1469 516 ipfius
1482 457 1729 519 proprijs
1743 457 2219 508 annotationibus
2233 460 2559 524 correspon-

406 529 555 585 dere,
584 525 859 588 fiquidem
888 526 1012 574 eius
1040 525 1102 573 in
1126 522 1218 573 his
1243 521 1551 574 tractandis
1579 526 1774 574 minus
1801 527 2046 587 peritam
2075 530 2558 590 exercitationem,

406 596 625 647 dudum
652 595 939 657 cognitam
967 591 1271 642 habebam.
1302 592 1369 642 In
1397 591 1778 643 Geometricis
1805 593 1856 643 &
1882 593 2331 659 Triangulorum
2359 613 2427 649 ac
2454 614 2558 650 nu-

403 678 697 715 merorum
722 660 1057 713 tractatione
1083 661 1400 724 expeditior
1427 676 1494 711 ac
1519 660 1740 711 felicior
1765 669 1908 721 erat;
1938 665 2277 727 ignorabam
2303 682 2436 718 cum
2460 683 2558 732 po-

401 733 657 784 steriores
676 731 992 789 scriberem,
1020 745 1157 780 eum
1175 729 1307 780 fatis
1327 731 1647 788 concessisse,
1674 731 1820 782 alias
1845 735 2074 795 parcius
2094 733 2165 784 de
2183 735 2303 798 ipso
2323 738 2557 800 egissem.
2573 755 2629 797 †⁵

402 801 644 865 Eclipfin
672 801 873 857 Luuae,
906 814 1039 862 quae
1067 802 1129 849 in
1158 798 1440 862 Septemb.
1471 800 1862 851 antecedentis
1890 802 2051 852 Anni
2081 805 2293 863 incidit,
2327 820 2432 869 ego
2464 806 2559 859 hic

400 871 598 934 aliquo
620 870 796 921 modo
817 868 1137 927 obseruaui‚
1164 871 1244 919 ita
1262 875 1321 918 vt
1341 868 1411 918 de
1430 874 1689 931 tempore
1711 872 1836 920 eius
1856 873 2007 922 intra
2025 872 2074 923 2.
2094 873 2189 923 vel
2207 873 2255 925 3.
2278 873 2560 939 Scrupula

398 941 529 992 satis
549 946 735 991 certus
754 939 876 998 fim;
898 939 1056 989 Nam
1072 937 1201 988 licet
1213 937 1412 988 saltem
1425 952 1526 1000 per
1539 939 1850 990 interualla
1862 949 2274 994 momentanea
2288 945 2559 1007 quaedam

399 1010 669 1061 serenitas
682 1009 849 1060 nobis
862 1008 973 1067 hic,
989 1023 1060 1058 ea
1073 1008 1333 1066 durante,
1351 1009 1499 1058 inter
1511 1016 1870 1060 recurrentes
1885 1011 2068 1062 nubes
2082 1011 2349 1073 illuxerit,
2363 1021 2560 1066 tamen

398 1095 519 1130 non
543 1078 868 1142 vsqueadeo
894 1077 1199 1128 obscurum
1230 1075 1325 1127 hic
1350 1076 1456 1127 fuit
1483 1076 1534 1127 81
1559 1077 1890 1140 pluuiosum
1919 1080 2164 1141 Caelum‚
2199 1089 2371 1146 atque
2404 1086 2559 1148 apud
2613 1102 2652 1136 ιο

397 1164 517 1200 vos,
550 1148 617 1199 In
645 1147 1073 1199 occidentaliori
1100 1146 1414 1197 Terrarum
1441 1144 1639 1206 tractu,
1673 1162 1776 1211 per
1807 1155 1989 1200 totam
2021 1153 2146 1202 eius
2175 1152 2557 1214 durationem,

398 1218 658 1269 conflans
687 1217 738 1268 81
768 1217 923 1268 clara
951 1215 1158 1267 affulsit
1185 1215 1472 1267 serenitas
1503 1215 1770 1268 Relatum
1799 1222 1955 1269 enim
1983 1219 2129 1271 mihi
2159 1221 2232 1271 est
2259 1224 2320 1272 in
2346 1223 2559 1287 Anglia
2607 1229 2634 1271 i

398 1291 612 1352 optime
626 1286 780 1338 fuisse
794 1285 1260 1338 animaduersam
1274 1300 1310 1336 a
1322 1287 1606 1348 principio
1617 1285 1792 1349 vsque
1807 1289 1880 1339 ad
1894 1288 2090 1349 finem,
2110 1293 2230 1341 imo
2246 1291 2372 1343 &in
2387 1293 2558 1358 Cym-

396 1358 554 1409 brica
574 1356 944 1415 Chersoneso,
972 1370 1105 1418 quae
1132 1355 1206 1406 est
1231 1355 1641 1406 occidentalior
1660 1356 1873 1409 Daniae
1900 1373 2050 1421 pars,
2079 1359 2287 1411 distans
2313 1361 2450 1413 hinc
2475 1363 2557 1415 30.

396 1426 592 1478 saltem
605 1426 964 1485 milliaribuS,
981 1424 1032 1475 &
1044 1424 1225 1475 vestro
1240 1424 1574 1476 Meridiano
1587 1426 1895 1489 paululum
1912 1428 2153 1480 Occasui
2167 1433 2418 1493 propior,
2439 1438 2559 1484 toto
2613 1451 2653 1484 15

395 1503 652 1559 tempore
673 1510 790 1558 quo
816 1495 1047 1546 durauit
1072 1494 1200 1545 haec
1221 1494 1469 1558 Eclipfis‚
1498 1494 1729 1546 Caelum
1755 1501 2018 1561 apprime
2044 1498 2309 1551 serenum
2330 1500 2381 1551 &
2399 1502 2559 1553 vndi-

396 1580 626 1629 quaque
646 1565 891 1616 nubium
912 1579 1116 1627 expers
1135 1564 1257 1624 fuit,
1272 1572 1332 1615 vt
1346 1565 1585 1628 quidam
1598 1579 1867 1618 meorum
1883 1568 2296 1630 Studiosorum,
2319 1573 2412 1622 cui
2425 1571 2560 1623 illuc

394 1639 455 1686 in
468 1635 721 1686 Patriam
734 1634 987 1686 abeundi
1001 1636 1174 1685 venia
1186 1641 1323 1686 tunc
1338 1635 1590 1686 concessa
1610 1642 1747 1695 erat,
1768 1636 1884 1688 huc
1899 1638 2161 1689 reuersus
2175 1639 2380 1691 retulit.
2404 1641 2560 1692 Hinc

394 1704 756 1756 manifestum
776 1704 986 1763 euadit,
1008 1719 1187 1767 quam
1206 1704 1419 1755 friuolo
1435 1704 1718 1756 &incerto
1732 1705 2114 1759 fundamento
2127 1708 2560 1774 Astrologorum

393 1775 722 1838 vulgarium
742 1774 1215 1838 Meteorologicae
1240 1772 1644 1838 praedictiones
1669 1778 1944 1836 nitantur,
1972 1793 2106 1828 cum
2131 1781 2193 1829 in
2218 1785 2337 1830 tam
2357 1782 2560 1832 vicinis
2608 1798 2653 1832 20

394 1843 813 1895 Horizontibus
839 1845 1009 1895 Aeris
1035 1843 1355 1895 constitutio
1380 1851 1501 1895 toto
1530 1844 1695 1896 Caelo
1723 1845 2124 1910 saepenumero
2150 1848 2437 1913 discrepet,
2465 1850 2560 1902 sed

392 1914 520 1965 haec
552 1921 712 1965 extra
742 1913 1111 1977 propofitum.
1147 1914 1392 1978 Eclipfin
1423 1914 1609 1965 Lunae
1640 1913 1817 1967 huius
1847 1917 2094 1970 labentis
2123 1919 2300 1979 Anni,
2334 1935 2468 1982 quae
2497 1923 2560 1971 in

393 1986 624 2035 initium
638 1983 835 2048 Martij
858 1984 1071 2043 incidit,
1094 1983 1421 2048 diligentius
1441 1984 1763 2045 obseruaui‚
1786 1993 1907 2038 erat
1929 1992 2085 2040 enim
2098 1988 2404 2040 mediocris
2417 1989 2558 2042 sere-

393 2057 558 2112 nitaS,
579 2054 861 2117 quamdiu
881 2057 942 2104 in
959 2054 1164 2105 vmbra
1182 2053 1486 2114 laborauit,
1509 2054 1981 2120 deprehendique
2001 2066 2264 2121 tempora
2285 2061 2409 2110 eius
2423 2060 2557 2111 Pru-

390 2126 644 2175 tenicum
675 2123 963 2175 calculum
995 2139 1097 2187 per
1125 2123 1311 2175 Horae
1340 2124 1611 2175 semissem
1641 2127 1929 2187 excessisse;
1961 2126 2394 2190 Alphonfinum
2418 2145 2557 2181 vero
2607 2147 2651 2180 25

390 2193 560 2244 Hora
584 2193 621 2244 1.
649 2208 782 2244 cum
810 2197 1030 2253 triente,
1059 2193 1110 2244 &
1135 2194 1641 2246 Puerbachianum
1665 2210 1768 2258 per
1794 2199 2187 2259 quincuncem
2211 2197 2375 2249 horae
2400 2205 2556 2251 ante-

390 2263 628 2322 uertisse;
656 2263 711 2313 A
731 2263 1046 2315 Maesthlini
1065 2263 1296 2328 insuper
1315 2267 1623 2324 neoterica,
1653 2280 1831 2328 quam
1857 2269 1919 2317 in
1944 2267 2060 2320 suis
2081 2267 2558 2331 Ephemeridibus

389 2332 713 2397 praeposuit,
733 2333 1082 2385 restitutione
1101 2334 1281 2397 paulo
1301 2334 1432 2398 plus
1450 2337 1672 2398 integra
1685 2334 1832 2387 hora
1846 2336 2116 2389 defecisse.
2139 2337 2443 2400 Quantum
2456 2341 2556 2390 ita-

392 2418 504 2467 que
523 2401 802 2455 hadtenus
822 2403 896 2455 ab
917 2419 987 2455 eo
1008 2404 1323 2455 constitutae
1342 2407 1404 2455 in
1423 2404 1515 2455 his
1531 2405 2000 2469 redintegrationi
2015 2405 2315 2459 fidendum
2329 2407 2407 2468 fit,
2426 2408 2557 2460 satis

392 2479 644 2537 apparet.
672 2472 764 2525 Sic
783 2476 845 2524 in
865 2489 936 2525 ea
955 2473 1158 2537 Eclipfi
1178 2489 1311 2538 quae
1337 2474 1510 2526 fiebat
1529 2475 1707 2526 Anno
1728 2475 1800 2527 81.
1822 2476 1914 2527 die
1934 2478 2005 2530 15.
2029 2476 2157 2542 Iulij
2180 2493 2355 2529 mane
2374 2480 2436 2529 in
2455 2493 2554 2530 au·
2606 2495 2650 2530 30

391 2558 539 2599 rora,
569 2542 741 2606 ipfius
771 2542 1045 2596 corredtio
1073 2559 1176 2608 per
1203 2559 1382 2596 vnam
1410 2544 1620 2596 horam
1649 2560 1782 2596 cum
1806 2549 2010 2599 triente
2038 2547 2111 2598 ab
2140 2546 2557 2599 obseruatione

391 2613 726 2673 abundauit,
754 2613 925 2665 refert
945 2617 1121 2665 etiam
1139 2617 1202 2665 in
1221 2614 1444 2674 eadem,
1465 2614 1627 2666 suam
1646 2630 1873 2679 ponens
1892 2615 2379 2677 testificationem,
2401 2619 2558 2681 quod

393 2683 561 2734 Luna
587 2691 701 2734 tres
730 2683 933 2747 digitos
962 2683 1213 2735 defecisse
1242 2685 1452 2744 debuit,
1482 2699 1585 2748 per
1611 2692 1878 2747 quartam
1902 2686 2167 2739 videlicet
2191 2686 2275 2738 sui
2302 2690 2556 2751 corporis

390 2759 629 2816 partem,
651 2754 887 2815 quando
900 2756 962 2804 in
976 2754 1302 2805 Horizonte
1315 2754 1663 2819 Tubingenfi
1677 2756 1974 2816 occideret,
1996 2771 2131 2809 cum
2148 2763 2347 2808 tamen
2364 2759 2427 2808 in
2445 2756 2556 2808 hoc

391 2821 596 2882 nost10‚
612 2825 713 2886 qui
725 2822 934 2874 semisse
948 2823 1111 2875 horae
1126 2824 1318 2876 adhuc
1333 2824 1407 2876 est
1421 2825 1773 2885 orientalior,
1788 2826 2028 2878 dimidia
2042 2828 2226 2886 Luna,
2242 2833 2556 2891 antequam
2605 2844 2649 2878 ³⁵

393 2891 778 2943 Horizontem
796 2892 1021 2953 subiret,
1044 2894 1310 2946 vmbram
1329 2894 1525 2946 Terrae
1545 2896 1780 2959 ingressa
1798 2895 1876 2955 fit,
1896 2904 1956 2948 vt
1976 2897 2049 2948 ob
2069 2896 2128 2948 id
2148 2897 2304 2960 apud
2325 2895 2554 2948 illos'to-

391 2968 511 3012 tam
531 2961 689 3024 quafi
709 2965 771 3013 in
789 2963 994 3014 vmbra
1013 2963 1283 3015 delituisse
1303 2971 1437 3016 ante
1456 2964 1625 3016 suum
1645 2965 1925 3026 occasum,
1950 2967 2402 3018 consentaneum
2421 2982 2555 3018 eua-

394 3031 505 3082 dat.
538 3030 629 3083 Sic
659 3034 833 3083 etiam
861 3035 924 3083 in
952 3033 1294 3096 quibusdam
1323 3034 1453 3099 aliJ's
1482 3034 1794 3098 Eclipfibus
1825 3036 2142 3088 notabilem
2173 3035 2556 3088 differentiam

392 3100 754 3152 restitutionis
778 3102 1226 3155 Maesthlim‘anae
1253 3099 1274 3171 ΙΙ
1300 3104 1373 3156 ab
1399 3104 1519 3168 ipso
1543 3104 1709 3156 Caelo
1735 3105 2043 3169 aliquoties
2069 3106 2471 3165 animaduerti,
2497 3112 2556 3157 vt
2592 3115 2672 3157 114

393 3169 530 3221 hinc
547 3169 678 3222 satis
697 3178 904 3235 pateat,
932 3172 1159 3224 cursum
1178 3174 1486 3226 amborum
1505 3174 1902 3235 luminarium,
1930 3175 2014 3227 illi
2039 3176 2303 3227 nondum
2326 3191 2412 3235 ea,
2439 3191 2557 3239 qua
2604 3192 2649 3226 4ο

394 3239 673 3291 existimat
690 3241 1040 3304 praecifione,
1060 3241 1416 3307 perspectum
1434 3245 1552 3305 esse,
1573 3247 1693 3295 imo
1708 3247 1883 3296 etiam
1896 3248 1958 3296 in
1971 3244 2377 3297 rectificatione
2392 3245 2554 3297 Fixa-

392 3324 525 3361 rum
545 3309 854 3362 Stellarum
872 3310 1191 3375 plurimum
1210 3311 1490 3366 hactenus
1510 3330 1546 3366 a
1565 3314 1736 3379 scopo
1756 3314 2003 3375 deflexit,
2030 3322 2087 3366 vt
2115 3330 2185 3367 ex
2211 3314 2405 3367 libello
2431 3317 2555 3436 eigs

2523 3399 2554 3436 e
