2748 4204
366 353 434 402 42
715 348 1319 401 EPISTOLARUM
1346 346 2178 401 ASTRONOMICARUM

366 490 594 540 modius
621 488 801 539 oculis
827 494 1075 550 pateant,
1102 487 1417 550 subijciam;
1445 487 1554 538 Vbi
1580 488 2163 540 animaduertendum
2184 489 2272 548 est,
2300 490 2520 541 Diebus

366 562 465 621 qui
491 558 893 615 desiderantur,
922 557 1157 608 Coelum
1182 556 1334 606 fuisse
1361 556 1455 607 hic
1478 557 1728 608 nubibus
1749 557 2074 618 obductum,
2103 574 2235 621 quae
2256 559 2520 611 Siderum

366 626 651 691 aspectum
683 626 1151 684 intercludebant,
1184 626 1340 676 velut
1373 626 1453 688 (vt
1485 627 1554 677 de
1587 630 1805 678 caeteris
1836 628 2082 688 taceam)
2115 631 2262 678 inter
2293 627 2520 680 noctem

366 712 497 760 quae
517 697 857 759 sequebatur
875 696 942 746 22
963 695 1137 746 Diem
1159 694 1435 753 Octobris,
1462 695 1635 759 vsque
1655 699 1717 747 in
1737 703 2003 759 quartam
2023 698 2392 757 Nouembris,
2419 713 2520 761 per

365 770 612 829 integros
642 766 695 816 13
725 766 882 823 DieS‚
912 764 1075 815 nulla
1104 764 1364 815 constans
1390 765 1678 816 Serenitas
1707 766 2069 825 offerebatur,
2098 767 2149 817 &
2174 767 2214 817 fi
2240 783 2372 830 quae
2398 783 2519 818 mo-

363 843 675 886 mentanea
694 837 840 885 inter
860 841 1213 885 recurrentes
1227 835 1411 885 nubes
1425 835 1714 886 interdum
1728 838 1922 895 extitit,
1937 852 1973 888 a
1987 837 2313 888 Lunaribus
2328 837 2521 902 Radijs

364 905 744 956 nihilominus
765 905 912 955 adeo
933 903 1332 954 obfuscabatur
1357 904 1484 955 haec
1504 904 1728 956 Crinita
1748 905 1938 965 Stella,
1965 922 2066 970 per
2084 906 2138 957 se
2159 906 2304 957 alias
2324 907 2520 958 admo-

364 975 503 1025 dum
528 977 774 1025 tenuiter
800 988 1102 1037 apparenS‚
1131 980 1189 1023 vt
1218 973 1392 1023 nullis
1418 973 1806 1026 Instrumentis
1834 981 1954 1026 toto
1983 975 2094 1027 hoc
2122 982 2379 1039 tempore
2407 977 2520 1028 Ob-

364 1045 671 1095 seruationi
697 1046 957 1106 patuerit,
984 1049 1108 1093 vtut
1132 1042 1341 1105 absque
1368 1045 1768 1095 intermissione
1795 1045 2093 1109 diligenter
2120 1045 2371 1105 Coelum,
2397 1053 2522 1096 tum

363 1115 436 1164 ob
457 1113 705 1164 aliarum
725 1112 1032 1164 Stellarum
1059 1112 1477 1174 dispositionem
1503 1120 1767 1165 accurate
1794 1115 2201 1174 denotandam,
2227 1122 2350 1166 tum
2377 1131 2520 1178 prae-

361 1183 549 1234 sertim
570 1183 642 1234 ob
662 1182 773 1233 hoc
794 1182 978 1245 ipsum
997 1181 1316 1232 Ascititium
1336 1181 1792 1242 Phaenomenon‚
1818 1184 1974 1247 quod
1994 1200 2116 1235 non
2135 1188 2214 1235 ita
2234 1186 2334 1236 diu
2354 1185 2520 1236 dura-

361 1259 555 1303 turum
575 1252 958 1315 praesciebam,
978 1251 1207 1314 plenius
1228 1250 1279 1301 &
1298 1251 1641 1303 sufficienter
1661 1254 2173 1316 contemplandum
2187 1254 2520 1318 aspexerim.

362 1323 516 1373 Licet
535 1337 673 1372 vero
694 1337 815 1371 non
835 1323 1111 1371 continua
1130 1319 1402 1371 affulserit
1421 1321 1708 1376 serenitas,
1729 1328 1926 1373 tamen
1946 1339 2017 1374 ex
2036 1323 2127 1374 his
2146 1324 2291 1387 ἱρῆς,
2313 1325 2522 1387 quibus

361 1394 627 1455 apparuit
647 1390 934 1442 defaecatis
950 1389 1245 1447 Noctibus,
1267 1391 1587 1455 intermedij
1610 1398 1818 1452 motus,
1840 1396 1940 1456 qui
1954 1393 2343 1445 desiderantur
2356 1393 2522 1445 facile

360 1461 614 1511 resarciri
646 1467 817 1523 atque
850 1459 1125 1522 compleri
1162 1462 1425 1522 poterint.
1465 1461 1639 1511 Nunc
1672 1461 2158 1514 obseruationum
2195 1463 2522 1515 summatim

361 1530 822 1594 compraehensos
841 1544 1117 1580 numeros
1138 1529 1211 1579 ob
1232 1529 1431 1580 oculos
1451 1545 1685 1593 ponam.

360 1668 717 1721 SELECTAE
749 1668 1127 1730 QUAEDAM
1156 1668 1792 1722 OBSERUATIONES
1818 1671 1932 1721 AD
1965 1671 2306 1724 DIUERSA
2331 1672 2521 1724 TEM-

405 1750 626 1808 PORA,
655 1749 995 1800 INTEREA
1021 1749 1208 1801 DUM
1235 1750 1468 1802 NOBIS
1495 1751 1935 1803 APPARERET
1959 1753 2102 1805 HIC
2130 1753 2475 1814 COMETA,

806 1830 1158 1882 CAELITUS
1185 1831 1663 1883 DILIGENTER
1688 1833 2080 1886 ACCEPTAE.

1296 1945 1589 1988 OCTOBER

1707 2846 1940 2892 Longitudo
2078 2847 2265 2883 Latitudo

1710 2911 1758 2946 G.
1799 2910 1841 2955 8
1885 2912 1941 2946 M.
2059 2912 2106 2947 G.
2148 2905 2197 2947 S.
2235 2912 2291 2946 M.

2574 1136 2614 1169 10

2575 1484 2614 1517 15
