2748 4204
106 1139 163 1183 85

119 2359 161 2393 15

115 2716 161 2750 20

116 3073 161 3107 25

117 3427 164 3463 30

1005 334 1250 391 LIBER
1277 336 1599 394 PRIMUS
2319 347 2397 401 113

206 483 384 539 Stella
404 486 467 535 in
480 481 805 546 AEquatore
825 480 973 532 forte
995 481 1313 543 constituta,
1336 490 1436 535 aut
1457 486 1518 535 in
1538 484 1657 536 alio
1678 485 1825 546 loco,
1846 489 1908 538 in
1929 503 2047 551 quo
2068 488 2142 540 ad
2158 490 2396 543 Meridi-

205 571 390 610 anum
415 554 770 619 perueniens
795 550 1011 604 habeat
1036 552 1428 605 Altitudinem
1452 559 1740 608 maiorem
1765 565 1909 622 part.
1937 559 2027 611 30:
2055 560 2399 626 nullamque

205 627 459 692 amplius
471 621 901 676 Refrae'tionem
914 622 1134 675 sentiat.
1151 624 1303 676 Dico
1317 627 1504 689 igitur,
1519 626 1802 690 punetum
1815 631 1878 680 in
1892 645 2010 693 quo
2022 630 2084 682 fit
2097 631 2396 693 RefradtiO,

204 700 436 764 longius
456 712 493 748 a
511 693 813 759 superficie
839 700 1101 746 extrema
1120 695 1293 747 Aeris
1314 697 1590 748 crassioris
1611 698 1776 751 EFG
1798 700 2015 761 distare,
2038 717 2218 765 quam
2239 703 2398 756 distat

206 777 467 822 extrema
491 765 824 830 superficies
844 766 1017 817 Aeris
1044 767 1322 818 crassioris
1349 782 1386 818 a
1410 766 1711 831 superficie
1732 769 1948 830 Terrae,
1976 772 2094 823 HE
2121 789 2301 837 quam
2325 775 2399 827 est

205 841 310 893 CF
327 839 423 892 vel
443 838 564 890 BE.
587 837 830 890 Oriatur
850 839 1011 888 enim
1031 836 1210 889 Stella
1229 840 1292 889 in
1313 838 1392 889 H.
1418 838 1537 890 Illis
1557 842 1728 904 igitur
1749 844 1849 905 qui
1869 844 1931 893 in
1951 842 1997 893 B
2018 845 2080 894 in
2099 843 2266 896 fimili
2286 845 2399 897 loci

205 910 537 974 Latitudine
563 907 847 968 habitant,
876 907 1056 960 Stella
1081 910 1188 960 erit
1212 910 1275 960 in
1298 909 1654 971 Meridian0,
1682 918 1784 963 aut
1808 914 1871 963 in
1895 919 2057 965 tanta
2076 914 2398 967 Altitudine

205 982 523 1041 constituta,
544 986 605 1031 vt
623 978 853 1031 nullam
874 981 1002 1031 eius
1023 978 1453 1032 Refrad'tionem
1472 980 1678 1033 sentire
1699 983 1915 1046 possint.
1938 983 2093 1035 Cum
2106 987 2277 1049 igitur
2291 1002 2400 1038 nos

204 1058 267 1107 in
288 1054 339 1107 C
360 1051 645 1105 constituti
665 1048 1096 1102 Refrad‘tionem
1115 1056 1256 1102 tunc
1275 1054 1602 1104 maximam
1627 1052 1959 1114 sentiamuS,
1986 1057 2198 1107 necesse
2226 1057 2315 1116 est,
2342 1064 2402 1109 vt

205 1123 490 1191 punctum
510 1117 941 1189 Refra-ssdtionis
961 1121 1024 1174 fit
1043 1124 1195 1174 inter
1215 1123 1262 1174 B
1278 1122 1330 1174 &
1346 1123 1396 1175 C
1416 1122 1649 1187 puncta,
1671 1139 1739 1176 ac
1761 1127 1937 1176 etiam
1956 1127 2018 1176 in
2038 1125 2298 1191 longiore
2320 1128 2400 1179 di-

206 1197 411 1249 stantia
430 1196 504 1248 ab
525 1192 693 1245 EFG
713 1192 1033 1257 superficie,
1056 1209 1240 1257 quam
1260 1194 1335 1246 eft
1356 1194 1475 1246 ΕΒ.
1497 1194 1665 1246 Alias
1686 1197 1846 1246 enim
1865 1195 1965 1257 illi,
1988 1199 2163 1260 quiin
2179 1199 2224 1249 B
2239 1198 2400 1250 habi-

206 1275 411 1328 tarent,
427 1262 857 1319 Refrafflonem
868 1264 1125 1316 similiter
1135 1264 1424 1318 sentirent.
1441 1265 1678 1318 Constat
1691 1269 1864 1331 igitur
1875 1267 2033 1331 quod
2048 1269 2402 1333 propofitum

210 2201 349 2256 erat,
377 2197 660 2248 nimirum
683 2195 934 2261 spatium
953 2195 1100 2248 illud
1119 2196 1293 2247 Aeris
1315 2195 1592 2247 crassioris
1611 2210 1715 2259 per
1734 2194 1789 2247 se
1810 2211 1933 2247 non
1954 2196 2056 2248 esse
2077 2202 2321 2254 tantum,
2348 2199 2406 2244 vt

208 2267 475 2332 frangere
502 2267 719 2320 Radios
745 2268 921 2332 possit,
951 2267 1046 2319 sed
1072 2269 1195 2319 vim
1223 2266 1388 2319 illam
1417 2268 1680 2331 accipere
1708 2282 1744 2318 a
1771 2267 2278 2332 conduplicatione
2305 2264 2406 2315 sua

211 2342 364 2391 circa
378 2339 788 2391 Horizontem.
811 2339 990 2402 Quod
1004 2345 1065 2391 vt
1079 2338 1275 2391 adhuc
1288 2340 1475 2403 magis
1489 2343 1700 2402 pateat,
1718 2338 2015 2391 ostendam
2029 2354 2203 2398 nunc,
2223 2352 2405 2401 quan-

209 2417 336 2462 tum
355 2409 640 2476 pundlum
659 2408 1044 2463 Refradtionis
1066 2410 1225 2463 distet
1245 2410 1318 2463 ab
1340 2416 1602 2462 extrema
1620 2409 1921 2473 superficie
1941 2411 2112 2463 Aeris
2133 2409 2407 2462 crassioris

210 2482 346 2543 HE,
374 2489 598 2547 quanto
617 2482 801 2547 spatio
822 2482 967 2548 radij
992 2481 1307 2535 Stellarum
1328 2481 1567 2533 crassum
1587 2480 1755 2532 illum
1775 2482 1993 2533 Aerem
2013 2478 2289 2533 irrefraeti
2309 2494 2404 2543 pe-

209 2559 460 2606 netrent:
488 2554 564 2606 ad
585 2570 767 2619 quam
787 2570 913 2606 rem
933 2555 1230 2615 assumam,
1258 2559 1318 2605 vt
1337 2559 1401 2604 tu
1420 2554 1525 2613 viS‚
1554 2551 1981 2604 Refradtionem
2006 2552 2169 2604 illam
2193 2551 2404 2603 durare

209 2625 387 2690 vsque
404 2625 480 2678 ad
494 2625 846 2678 tricefimum
860 2626 934 2678 ab
950 2626 1281 2678 Horizonte
1302 2623 1564 2690 gradum.
1587 2623 1714 2675 Nec
1735 2626 1894 2675 enim
1914 2624 1989 2685 id,
2010 2631 2069 2676 vt
2091 2622 2403 2681 arbitrariS,

208 2712 407 2749 meam
431 2696 778 2750 sententiam
805 2699 1028 2750 euertit.
1057 2697 1360 2762 Cogitetur
1385 2697 1572 2760 igitur,
1599 2702 1659 2746 vt
1685 2701 1860 2747 antea
1886 2696 2021 2756 dixi,
2048 2694 2157 2746 AC
2178 2693 2405 2745 nullam

208 2768 329 2820 fere
357 2768 679 2821 senfibilem
707 2771 1169 2834 proportionem,
1201 2783 1336 2832 quae
1365 2766 1600 2818 turbare
1626 2766 1880 2830 praesens
1906 2769 2206 2832 negotium
2230 2765 2404 2828 possit‚
2512 2807 2514 2810 .

209 2839 428 2892 habere
457 2839 532 2893 ad
552 2841 698 2902 AH,
729 2843 812 2893 ita
840 2847 901 2892 vt
927 2856 1063 2893 cum
1089 2837 1510 2892 connedlantur
1539 2837 1662 2889 HC
1691 2836 1922 2902 punem,
1954 2837 2204 2902 angulus
2230 2834 2405 2887 FCH

209 2911 451 2976 perinde
471 2911 592 2964 fere
612 2910 801 2965 redtus
821 2911 884 2964 fit
904 2928 973 2964 ac
992 2912 1034 2964 fi
1055 2913 1181 2963 esset
1194 2909 1447 2975 angulus
1462 2908 1671 2960 CAH:
1694 2909 1996 2973 quomodo
2012 2908 2406 2960 Instrumentis

209 2985 273 3034 in
301 2982 669 3036 obseruando
698 2990 986 3049 tanquam
1015 2986 1078 3035 in
1108 2989 1307 3035 centro
1332 2980 1541 3032 mundi
1566 2981 1648 3031 vti
1673 2982 1737 3030 in
1763 2980 1953 3032 Stellis
1980 2980 2111 3031 fixis
2138 2978 2405 3030 solemus,

211 3054 338 3106 Iam
357 3054 727 3108 abscindatur
745 3071 919 3108 arcus
939 3055 1082 3115 HK,
1105 3056 1207 3119 qui
1220 3053 1283 3104 fit
1297 3053 1355 3104 P.
1372 3052 1462 3112 30;
1485 3050 1537 3102 δι
1558 3050 1978 3104 conned‘tantur
1991 3048 2208 3116 pund’ta
2217 3049 2275 3100 K
2289 3048 2341 3100 &
2357 3047 2407 3099 C

209 3141 313 3190 per
323 3124 557 3187 rectam,
567 3142 703 3191 quae
714 3126 861 3179 secet
869 3126 1234 3192 superficiem
1243 3130 1567 3176 extremam
1575 3122 1746 3174 Aeris
1755 3124 2030 3175 crassioris
2041 3125 2103 3174 in
2113 3122 2165 3174 O
2175 3117 2406 3186 pundto:

209 3203 583 3262 ponaturque
608 3198 866 3250 [imiliter
893 3198 1230 3250 obseruator
1259 3198 1322 3246 in
1348 3194 1403 3255 S,
1434 3196 1529 3245 cui
1555 3193 1610 3244 K
1635 3193 1919 3257 punetum
1945 3193 2103 3246 distet
2130 3193 2202 3245 ab
2230 3191 2406 3243 Hori-

210 3275 384 3320 zonte
404 3269 489 3321 29.
510 3284 590 3334 gr.
613 3269 918 3333 Quoniam
944 3271 1117 3334 igitur
1140 3271 1204 3328 iS‚
1234 3269 1335 3331 qui
1355 3268 1418 3317 in
1440 3265 1506 3324 C,
1534 3264 1763 3316 nullam
1783 3265 2037 3330 amplius
2056 3265 2283 3315 inuenit
2304 3262 2407 3312 Re-

210 3338 571 3401 frad'tionem,
606 3356 679 3393 ex
711 3340 1061 3407 Hypothefi:
1096 3339 1311 3391 necesse
1345 3336 1435 3396 est,
1468 3342 1528 3388 vt
1560 3335 1793 3388 nullum
1824 3340 2000 3388 etiam
2029 3332 2408 3387 Refradlionis

211 3409 495 3475 punctum
524 3411 587 3464 fit
615 3415 766 3464 inter
795 3413 850 3464 K
879 3412 931 3464 &
962 3412 1029 3464 C.
1060 3411 1138 3463 At
1167 3413 1232 3471 is,
1264 3411 1366 3474 qui
1395 3410 1457 3459 in
1486 3407 1540 3466 S,
1571 3407 1736 3460 sentit
1762 3408 1956 3461 adhuc
1983 3403 2407 3524 Refrao'tionegi

215 3510 222 3516 ·
358 3493 400 3528 1⁵
2209 3490 2332 3539 pun
2389 3489 2407 3523 1
