<?xml version="1.0" encoding="UTF-8"?>
<!DOCTYPE html PUBLIC "-//W3C//DTD XHTML 1.0 Transitional//EN"
    "http://www.w3.org/TR/xhtml1/DTD/xhtml1-transitional.dtd">
<html xmlns="http://www.w3.org/1999/xhtml" xml:lang="en" lang="en">
 <head>
  <title>
</title>
<meta http-equiv="Content-Type" content="text/html;charset=utf-8" />
  <meta name='ocr-system' content='tesseract 3.04.00' />
  <meta name='ocr-capabilities' content='ocr_page ocr_carea ocr_par ocr_line ocrx_word'/>
</head>
<body>
  <div class='ocr_page' id='page_1' title='image "./operaomniaedidit06brahuoft_0172.png"; bbox 0 0 2748 4204; ppageno 0'>
   <div class='ocr_carea' id='block_1_1' title="bbox 357 324 2160 389">
    <p class='ocr_par' dir='ltr' id='par_1_1' title="bbox 357 324 2160 389">
     <span class='ocr_line' id='line_1_1' title="bbox 357 324 2160 389; baseline -0.007 0"><span class='ocrx_word' id='word_1_1' title='bbox 357 338 446 389; x_wconf 88' lang='lat'><strong>162</strong></span> <span class='ocrx_word' id='word_1_2' title='bbox 703 328 1303 385; x_wconf 85' lang='lat' dir='ltr'><strong>EPISTOLARUM</strong></span> <span class='ocrx_word' id='word_1_3' title='bbox 1330 324 2160 380; x_wconf 87' lang='lat' dir='ltr'><strong>ASTRONOMICARUM</strong></span> 
     </span>
    </p>
   </div>
   <div class='ocr_carea' id='block_1_2' title="bbox 416 460 2577 542">
    <p class='ocr_par' dir='ltr' id='par_1_2' title="bbox 416 460 2577 542">
     <span class='ocr_line' id='line_1_2' title="bbox 416 460 2577 542; baseline -0.006 0"><span class='ocrx_word' id='word_1_4' title='bbox 416 464 1220 542; x_wconf 90' lang='lat' dir='ltr'><strong>ILLVSTRISSIMO</strong></span> <span class='ocrx_word' id='word_1_5' title='bbox 1262 462 1738 536; x_wconf 91' lang='lat' dir='ltr'><strong>PRINCIPI</strong></span> <span class='ocrx_word' id='word_1_6' title='bbox 1778 461 1926 534; x_wconf 87' lang='lat' dir='ltr'><strong>AC</strong></span> <span class='ocrx_word' id='word_1_7' title='bbox 1969 460 2441 533; x_wconf 90' lang='lat' dir='ltr'><strong>DOMINO</strong></span> <span class='ocrx_word' id='word_1_8' title='bbox 2551 487 2577 527; x_wconf 52' lang='grc' dir='ltr'>ψ</span> 
     </span>
    </p>
   </div>
   <div class='ocr_carea' id='block_1_3' title="bbox 482 555 2375 766">
    <p class='ocr_par' dir='ltr' id='par_1_3' title="bbox 482 555 2375 766">
     <span class='ocr_line' id='line_1_3' title="bbox 482 555 2375 616; baseline -0.005 -1"><span class='ocrx_word' id='word_1_9' title='bbox 482 566 552 615; x_wconf 91' lang='lat' dir='ltr'><strong>D.</strong></span> <span class='ocrx_word' id='word_1_10' title='bbox 573 561 1013 614; x_wconf 91' lang='lat' dir='ltr'>WILHELMO</span> <span class='ocrx_word' id='word_1_11' title='bbox 1040 559 1344 611; x_wconf 89' lang='lat' dir='ltr'><strong>HASSIAE</strong></span> <span class='ocrx_word' id='word_1_12' title='bbox 1370 556 1954 616; x_wconf 90' lang='lat' dir='ltr'><strong>LANDTGRAVIO,</strong></span> <span class='ocrx_word' id='word_1_13' title='bbox 1982 555 2265 608; x_wconf 92' lang='lat' dir='ltr'><strong>COMITI</strong></span> <span class='ocrx_word' id='word_1_14' title='bbox 2291 555 2375 606; x_wconf 94' lang='lat' dir='ltr'><strong>IN</strong></span> 
     </span>
     <span class='ocr_line' id='line_1_4' title="bbox 570 633 2290 695; baseline -0.005 -3"><span class='ocrx_word' id='word_1_15' title='bbox 570 636 1361 695; x_wconf 88' lang='lat' dir='ltr'><strong>CATZENELLEBOGEN‚</strong></span> <span class='ocrx_word' id='word_1_16' title='bbox 1389 635 1637 694; x_wconf 93' lang='lat' dir='ltr'><strong>DIETZ,</strong></span> <span class='ocrx_word' id='word_1_17' title='bbox 1664 634 2166 686; x_wconf 86' lang='lat' dir='ltr'>ZIEGENHAIN</span> <span class='ocrx_word' id='word_1_18' title='bbox 2193 633 2290 685; x_wconf 89' lang='lat' dir='ltr'><strong>ET</strong></span> 
     </span>
     <span class='ocr_line' id='line_1_5' title="bbox 773 711 2081 766; baseline -0.003 0"><span class='ocrx_word' id='word_1_19' title='bbox 773 715 1054 766; x_wconf 88' lang='lat' dir='ltr'>NIDDA:</span> <span class='ocrx_word' id='word_1_20' title='bbox 1082 714 1410 765; x_wconf 89' lang='lat' dir='ltr'>PRINCIPI</span> <span class='ocrx_word' id='word_1_21' title='bbox 1435 713 1544 764; x_wconf 87' lang='lat' dir='ltr'><strong>AC</strong></span> <span class='ocrx_word' id='word_1_22' title='bbox 1569 712 1900 763; x_wconf 90' lang='lat' dir='ltr'>DOMINO</span> <span class='ocrx_word' id='word_1_23' title='bbox 1927 711 2081 763; x_wconf 91' lang='lat' dir='ltr'><strong>SUO</strong></span> 
     </span>
    </p>
   </div>
   <div class='ocr_carea' id='block_1_4' title="bbox 1108 790 1748 908">
    <p class='ocr_par' dir='ltr' id='par_1_4' title="bbox 1108 790 1748 908">
     <span class='ocr_line' id='line_1_6' title="bbox 1108 790 1748 908; baseline -0.005 -65"><span class='ocrx_word' id='word_1_24' title='bbox 1108 790 1748 908; x_wconf 50' lang='lat' dir='ltr'><strong>CLEMESN&#39;IT&#39;ISSIMO</strong></span> 
     </span>
    </p>
   </div>
   <div class='ocr_carea' id='block_1_5' title="bbox 660 948 2505 1221">
    <p class='ocr_par' dir='ltr' id='par_1_5' title="bbox 660 948 2505 1221">
     <span class='ocr_line' id='line_1_7' title="bbox 777 948 2502 1012; baseline -0.002 -9"><span class='ocrx_word' id='word_1_25' title='bbox 777 951 893 1003; x_wconf 92' lang='lat' dir='ltr'><strong>TSI</strong></span> <span class='ocrx_word' id='word_1_26' title='bbox 919 966 955 1002; x_wconf 91' lang='lat' dir='ltr'><strong>a</strong></span> <span class='ocrx_word' id='word_1_27' title='bbox 980 959 1081 1001; x_wconf 91' lang='lat' dir='ltr'><strong>tua</strong></span> <span class='ocrx_word' id='word_1_28' title='bbox 1107 949 1455 1002; x_wconf 87' lang='lat' dir='ltr'><strong>Celfitudine</strong></span> <span class='ocrx_word' id='word_1_29' title='bbox 1482 948 1630 999; x_wconf 90' lang='lat' dir='ltr'>nihil</span> <span class='ocrx_word' id='word_1_30' title='bbox 1654 948 1900 1012; x_wconf 79' lang='lat' dir='ltr'><strong>responsi</strong></span> <span class='ocrx_word' id='word_1_31' title='bbox 1925 949 1999 1000; x_wconf 92' lang='lat' dir='ltr'><strong>ad</strong></span> <span class='ocrx_word' id='word_1_32' title='bbox 2024 948 2358 1011; x_wconf 81' lang='lat' dir='ltr'><strong>posteriores</strong></span> <span class='ocrx_word' id='word_1_33' title='bbox 2383 948 2502 1000; x_wconf 89' lang='lat' dir='ltr'><strong>lite-</strong></span> 
     </span>
     <span class='ocr_line' id='line_1_8' title="bbox 777 1017 2505 1081; baseline -0.001 -9"><span class='ocrx_word' id='word_1_34' title='bbox 777 1036 871 1072; x_wconf 89' lang='lat' dir='ltr'><strong>ras</strong></span> <span class='ocrx_word' id='word_1_35' title='bbox 885 1023 1035 1071; x_wconf 90' lang='lat' dir='ltr'><strong>circa</strong></span> <span class='ocrx_word' id='word_1_36' title='bbox 1049 1019 1360 1070; x_wconf 90' lang='lat' dir='ltr'><strong>Nundinas</strong></span> <span class='ocrx_word' id='word_1_37' title='bbox 1374 1018 1762 1069; x_wconf 87' lang='lat' dir='ltr'><strong>Autumnales</strong></span> <span class='ocrx_word' id='word_1_38' title='bbox 1776 1021 2106 1081; x_wconf 87' lang='lat' dir='ltr'><strong>receperim,</strong></span> <span class='ocrx_word' id='word_1_39' title='bbox 2124 1017 2505 1070; x_wconf 83' lang='lat' dir='ltr'><strong>nihilominus</strong></span> 
     </span>
     <span class='ocr_line' id='line_1_9' title="bbox 779 1087 2503 1154; baseline -0.002 -13"><span class='ocrx_word' id='word_1_40' title='bbox 779 1090 934 1154; x_wconf 93' lang='lat' dir='ltr'><strong>quod</strong></span> <span class='ocrx_word' id='word_1_41' title='bbox 954 1090 1190 1140; x_wconf 84' lang='lat' dir='ltr'><strong>subinde</strong></span> <span class='ocrx_word' id='word_1_42' title='bbox 1208 1087 1394 1140; x_wconf 86' lang='lat' dir='ltr'><strong>Celfit.</strong></span> <span class='ocrx_word' id='word_1_43' title='bbox 1415 1094 1532 1138; x_wconf 88' lang='lat' dir='ltr'><strong>tuae</strong></span> <span class='ocrx_word' id='word_1_44' title='bbox 1553 1087 1808 1146; x_wconf 91' lang='lat' dir='ltr'><strong>scribam,</strong></span> <span class='ocrx_word' id='word_1_45' title='bbox 1831 1087 1882 1138; x_wconf 89' lang='grc'><strong>8(</strong></span> <span class='ocrx_word' id='word_1_46' title='bbox 1901 1087 1972 1138; x_wconf 91' lang='lat' dir='ltr'><strong>de</strong></span> <span class='ocrx_word' id='word_1_47' title='bbox 1992 1090 2223 1152; x_wconf 90' lang='lat' dir='ltr'><strong>negotio</strong></span> <span class='ocrx_word' id='word_1_48' title='bbox 2236 1087 2503 1139; x_wconf 82' lang='lat' dir='ltr'><strong>Astrono·</strong></span> 
     </span>
     <span class='ocr_line' id='line_1_10' title="bbox 660 1157 2503 1221; baseline -0.002 -9"><span class='ocrx_word' id='word_1_49' title='bbox 660 1190 666 1214; x_wconf 48' lang='grc' dir='ltr'>η</span> <span class='ocrx_word' id='word_1_50' title='bbox 777 1162 928 1210; x_wconf 89' lang='lat' dir='ltr'><strong>mico</strong></span> <span class='ocrx_word' id='word_1_51' title='bbox 961 1158 1272 1217; x_wconf 89' lang='lat' dir='ltr'><strong>conferam,</strong></span> <span class='ocrx_word' id='word_1_52' title='bbox 1305 1160 1544 1208; x_wconf 92' lang='lat' dir='ltr'><strong>minime</strong></span> <span class='ocrx_word' id='word_1_53' title='bbox 1576 1160 1865 1221; x_wconf 88' lang='lat' dir='ltr'><strong>ingratum</strong></span> <span class='ocrx_word' id='word_1_54' title='bbox 1897 1158 2015 1216; x_wconf 90' lang='lat' dir='ltr'><strong>esse,</strong></span> <span class='ocrx_word' id='word_1_55' title='bbox 2046 1157 2176 1209; x_wconf 92' lang='lat' dir='ltr'><strong>satis</strong></span> <span class='ocrx_word' id='word_1_56' title='bbox 2207 1157 2352 1208; x_wconf 90' lang='lat' dir='ltr'><strong>mihi</strong></span> <span class='ocrx_word' id='word_1_57' title='bbox 2379 1172 2503 1221; x_wconf 91' lang='lat' dir='ltr'><strong>per-</strong></span> 
     </span>
    </p>
   </div>
   <div class='ocr_carea' id='block_1_6' title="bbox 386 1197 2621 1317">
    <p class='ocr_par' dir='ltr' id='par_1_6' title="bbox 362 1195 2621 1317">
     <span class='ocr_line' id='line_1_11' title="bbox 386 1197 2621 1317; baseline 0.001 -40.979"><span class='ocrx_word' id='word_1_58' title='bbox 386 1298 395 1317; x_wconf 49' lang='lat'><em>)</em></span> <span class='ocrx_word' id='word_1_59' title='bbox 436 1256 438 1259; x_wconf 35' lang='lat' dir='ltr'>v</span> <span class='ocrx_word' id='word_1_60' title='bbox 494 1257 495 1263; x_wconf 60' lang='lat'>=</span> <span class='ocrx_word' id='word_1_61' title='bbox 528 1197 562 1242; x_wconf 32' lang='lat'><strong>&#39;1¹&#39;</strong></span> <span class='ocrx_word' id='word_1_62' title='bbox 661 1260 688 1284; x_wconf 38' lang='lat' dir='ltr'><strong>c</strong></span> <span class='ocrx_word' id='word_1_63' title='bbox 777 1229 1004 1287; x_wconf 84' lang='lat' dir='ltr'><strong>suade0,</strong></span> <span class='ocrx_word' id='word_1_64' title='bbox 1034 1222 1308 1295; x_wconf 73' lang='lat' dir='ltr'><strong>pos-nsunt</strong></span> <span class='ocrx_word' id='word_1_65' title='bbox 1337 1229 1494 1278; x_wconf 90' lang='lat' dir='ltr'><strong>enim</strong></span> <span class='ocrx_word' id='word_1_66' title='bbox 1520 1229 1582 1277; x_wconf 93' lang='lat' dir='ltr'><strong>in</strong></span> <span class='ocrx_word' id='word_1_67' title='bbox 1607 1233 1767 1278; x_wconf 92' lang='lat' dir='ltr'><strong>tanta</strong></span> <span class='ocrx_word' id='word_1_68' title='bbox 1795 1242 1989 1278; x_wconf 91' lang='lat' dir='ltr'><strong>rerum</strong></span> <span class='ocrx_word' id='word_1_69' title='bbox 2018 1226 2383 1290; x_wconf 90' lang='lat' dir='ltr'><strong>politicarum</strong></span> <span class='ocrx_word' id='word_1_70' title='bbox 2407 1227 2504 1278; x_wconf 89' lang='lat' dir='ltr'><strong>ad·</strong></span> <span class='ocrx_word' id='word_1_71' title='bbox 2541 1235 2621 1279; x_wconf 88' lang='lat'><strong>133</strong></span> 
     </span>
    </p>
   </div>
   <div class='ocr_carea' id='block_1_7' title="bbox 347 924 764 1355">
    <p class='ocr_par' dir='ltr' id='par_1_7' title="bbox 347 924 764 1355">
     <span class='ocr_line' id='line_1_12' title="bbox 347 924 764 1355; baseline 0 2849"><span class='ocrx_word' id='word_1_72' title='bbox 347 924 764 1355; x_wconf 95' lang='lat' dir='ltr'><strong> </strong></span> 
     </span>
    </p>
   </div>
   <div class='ocr_carea' id='block_1_8' title="bbox 348 1295 2507 2544">
    <p class='ocr_par' dir='ltr' id='par_1_8' title="bbox 348 1295 2507 2544">
     <span class='ocr_line' id='line_1_13' title="bbox 776 1295 2505 1359; baseline -0.001 -10"><span class='ocrx_word' id='word_1_73' title='bbox 776 1298 1204 1357; x_wconf 84' lang='lat' dir='ltr'><strong>ministratione,</strong></span> <span class='ocrx_word' id='word_1_74' title='bbox 1216 1296 1400 1347; x_wconf 91' lang='lat' dir='ltr'><strong>multa</strong></span> <span class='ocrx_word' id='word_1_75' title='bbox 1409 1297 1677 1356; x_wconf 87' lang='lat' dir='ltr'><strong>incidere,</strong></span> <span class='ocrx_word' id='word_1_76' title='bbox 1691 1311 1823 1359; x_wconf 88' lang='lat' dir='ltr'><strong>quae</strong></span> <span class='ocrx_word' id='word_1_77' title='bbox 1837 1303 1998 1347; x_wconf 93' lang='lat' dir='ltr'><strong>tuam</strong></span> <span class='ocrx_word' id='word_1_78' title='bbox 2011 1296 2276 1348; x_wconf 85' lang='lat' dir='ltr'><strong>Celfitud.</strong></span> <span class='ocrx_word' id='word_1_79' title='bbox 2289 1295 2505 1347; x_wconf 86' lang='lat' dir='ltr'><strong>etiamfi</strong></span> 
     </span>
     <span class='ocr_line' id='line_1_14' title="bbox 352 1365 2503 1432; baseline -0.001 -13"><span class='ocrx_word' id='word_1_80' title='bbox 352 1384 529 1432; x_wconf 92' lang='lat' dir='ltr'><strong>quam</strong></span> <span class='ocrx_word' id='word_1_81' title='bbox 548 1370 800 1418; x_wconf 86' lang='lat' dir='ltr'><strong>maxime</strong></span> <span class='ocrx_word' id='word_1_82' title='bbox 820 1367 970 1426; x_wconf 89' lang='lat' dir='ltr'><strong>velit,</strong></span> <span class='ocrx_word' id='word_1_83' title='bbox 998 1382 1033 1418; x_wconf 95' lang='lat' dir='ltr'><strong>a</strong></span> <span class='ocrx_word' id='word_1_84' title='bbox 1058 1366 1455 1431; x_wconf 90' lang='lat' dir='ltr'><strong>respondendo</strong></span> <span class='ocrx_word' id='word_1_85' title='bbox 1479 1372 1747 1425; x_wconf 88' lang='lat' dir='ltr'><strong>auocent;</strong></span> <span class='ocrx_word' id='word_1_86' title='bbox 1775 1366 1934 1417; x_wconf 91' lang='lat' dir='ltr'><strong>Nam</strong></span> <span class='ocrx_word' id='word_1_87' title='bbox 1954 1366 2005 1417; x_wconf 94' lang='grc'><strong>8(</strong></span> <span class='ocrx_word' id='word_1_88' title='bbox 2023 1365 2087 1416; x_wconf 92' lang='lat' dir='ltr'><strong>T.</strong></span> <span class='ocrx_word' id='word_1_89' title='bbox 2110 1365 2253 1418; x_wconf 91' lang='lat' dir='ltr'><strong>Cels.</strong></span> <span class='ocrx_word' id='word_1_90' title='bbox 2275 1365 2503 1417; x_wconf 89' lang='lat' dir='ltr'><strong>Mathe-</strong></span> 
     </span>
     <span class='ocr_line' id='line_1_15' title="bbox 350 1434 2503 1500; baseline -0.001 -12"><span class='ocrx_word' id='word_1_91' title='bbox 350 1440 607 1496; x_wconf 80' lang='lat' dir='ltr'><strong>maticuS‚</strong></span> <span class='ocrx_word' id='word_1_92' title='bbox 634 1440 721 1487; x_wconf 88' lang='lat' dir='ltr'><strong>vir</strong></span> <span class='ocrx_word' id='word_1_93' title='bbox 745 1439 806 1487; x_wconf 90' lang='lat' dir='ltr'><strong>in</strong></span> <span class='ocrx_word' id='word_1_94' title='bbox 832 1436 922 1487; x_wconf 90' lang='lat' dir='ltr'><strong>his</strong></span> <span class='ocrx_word' id='word_1_95' title='bbox 948 1437 1164 1488; x_wconf 90' lang='lat' dir='ltr'><strong>artibus</strong></span> <span class='ocrx_word' id='word_1_96' title='bbox 1189 1438 1451 1499; x_wconf 90' lang='lat' dir='ltr'><strong>apprime</strong></span> <span class='ocrx_word' id='word_1_97' title='bbox 1476 1435 1782 1487; x_wconf 84' lang='lat' dir='ltr'><strong>industrius</strong></span> <span class='ocrx_word' id='word_1_98' title='bbox 1804 1434 1950 1486; x_wconf 87' lang='lat' dir='ltr'><strong>mihi</strong></span> <span class='ocrx_word' id='word_1_99' title='bbox 1969 1451 2071 1499; x_wconf 90' lang='lat' dir='ltr'><strong>per</strong></span> <span class='ocrx_word' id='word_1_100' title='bbox 2089 1435 2282 1487; x_wconf 89' lang='lat' dir='ltr'><strong>literas</strong></span> <span class='ocrx_word' id='word_1_101' title='bbox 2301 1434 2503 1500; x_wconf 85' lang='lat' dir='ltr'><strong>fignifi-</strong></span> 
     </span>
     <span class='ocr_line' id='line_1_16' title="bbox 351 1504 2504 1569; baseline -0.001 -11"><span class='ocrx_word' id='word_1_102' title='bbox 351 1510 517 1565; x_wconf 91' lang='lat' dir='ltr'><strong>cauit,</strong></span> <span class='ocrx_word' id='word_1_103' title='bbox 529 1506 592 1557; x_wconf 91' lang='lat' dir='ltr'><strong>T.</strong></span> <span class='ocrx_word' id='word_1_104' title='bbox 606 1506 749 1558; x_wconf 90' lang='lat' dir='ltr'><strong>Cels.</strong></span> <span class='ocrx_word' id='word_1_105' title='bbox 762 1509 823 1557; x_wconf 93' lang='lat' dir='ltr'><strong>in</strong></span> <span class='ocrx_word' id='word_1_106' title='bbox 838 1506 1157 1557; x_wconf 89' lang='lat' dir='ltr'><strong>elocatione</strong></span> <span class='ocrx_word' id='word_1_107' title='bbox 1171 1505 1397 1556; x_wconf 84' lang='lat' dir='ltr'><strong>illustris</strong></span> <span class='ocrx_word' id='word_1_108' title='bbox 1410 1505 1527 1556; x_wconf 85' lang='lat' dir='ltr'><strong>suae</strong></span> <span class='ocrx_word' id='word_1_109' title='bbox 1539 1504 1716 1564; x_wconf 79' lang='lat' dir='ltr'><strong>Filiae,</strong></span> <span class='ocrx_word' id='word_1_110' title='bbox 1731 1507 2183 1568; x_wconf 83' lang='lat' dir='ltr'><strong>nuptiarumque</strong></span> <span class='ocrx_word' id='word_1_111' title='bbox 2197 1504 2504 1569; x_wconf 90' lang='lat' dir='ltr'><strong>magnifico</strong></span> 
     </span>
     <span class='ocr_line' id='line_1_17' title="bbox 351 1574 2503 1640; baseline -0.001 -13"><span class='ocrx_word' id='word_1_112' title='bbox 351 1583 647 1640; x_wconf 90' lang='lat' dir='ltr'><strong>apparatu,</strong></span> <span class='ocrx_word' id='word_1_113' title='bbox 669 1582 804 1626; x_wconf 85' lang='lat' dir='ltr'><strong>tunc</strong></span> <span class='ocrx_word' id='word_1_114' title='bbox 823 1578 1098 1639; x_wconf 90' lang='lat' dir='ltr'><strong>temporis</strong></span> <span class='ocrx_word' id='word_1_115' title='bbox 1118 1581 1460 1639; x_wconf 87' lang='lat' dir='ltr'><strong>occupatam</strong></span> <span class='ocrx_word' id='word_1_116' title='bbox 1479 1574 1649 1634; x_wconf 86' lang='lat' dir='ltr'><strong>fuisse,</strong></span> <span class='ocrx_word' id='word_1_117' title='bbox 1670 1577 1984 1638; x_wconf 90' lang='lat' dir='ltr'><strong>quominus</strong></span> <span class='ocrx_word' id='word_1_118' title='bbox 2003 1574 2130 1626; x_wconf 85' lang='lat' dir='ltr'><strong>haec</strong></span> <span class='ocrx_word' id='word_1_119' title='bbox 2150 1589 2352 1626; x_wconf 91' lang='lat' dir='ltr'><strong>curare</strong></span> <span class='ocrx_word' id='word_1_120' title='bbox 2365 1581 2503 1626; x_wconf 90' lang='lat' dir='ltr'><strong>tem-</strong></span> 
     </span>
     <span class='ocr_line' id='line_1_18' title="bbox 349 1642 2504 1709; baseline -0 -13"><span class='ocrx_word' id='word_1_121' title='bbox 349 1646 629 1709; x_wconf 86' lang='lat' dir='ltr'><strong>pestiuum</strong></span> <span class='ocrx_word' id='word_1_122' title='bbox 659 1645 844 1704; x_wconf 88' lang='lat' dir='ltr'><strong>fuerit,</strong></span> <span class='ocrx_word' id='word_1_123' title='bbox 877 1661 1109 1708; x_wconf 87' lang='lat' dir='ltr'><strong>vnaque</strong></span> <span class='ocrx_word' id='word_1_124' title='bbox 1138 1645 1236 1696; x_wconf 87' lang='lat' dir='ltr'><strong>fibi</strong></span> <span class='ocrx_word' id='word_1_125' title='bbox 1265 1642 1589 1695; x_wconf 65' lang='lat' dir='ltr'><strong>iniundtum</strong></span> <span class='ocrx_word' id='word_1_126' title='bbox 1618 1644 1803 1703; x_wconf 83' lang='lat' dir='ltr'><strong>refert,</strong></span> <span class='ocrx_word' id='word_1_127' title='bbox 1835 1650 1894 1695; x_wconf 89' lang='lat' dir='ltr'><strong>vt</strong></span> <span class='ocrx_word' id='word_1_128' title='bbox 1922 1646 1970 1695; x_wconf 92' lang='lat' dir='ltr'><strong>is</strong></span> <span class='ocrx_word' id='word_1_129' title='bbox 1997 1643 2061 1695; x_wconf 92' lang='lat' dir='ltr'><strong>T.</strong></span> <span class='ocrx_word' id='word_1_130' title='bbox 2093 1643 2236 1696; x_wconf 91' lang='lat' dir='ltr'><strong>Cels.</strong></span> <span class='ocrx_word' id='word_1_131' title='bbox 2266 1646 2504 1695; x_wconf 93' lang='lat' dir='ltr'><strong>nomine</strong></span> 
     </span>
     <span class='ocr_line' id='line_1_19' title="bbox 349 1713 2504 1778; baseline -0.001 -12"><span class='ocrx_word' id='word_1_132' title='bbox 349 1718 492 1766; x_wconf 90' lang='lat' dir='ltr'><strong>meis</strong></span> <span class='ocrx_word' id='word_1_133' title='bbox 517 1714 894 1778; x_wconf 85' lang='lat' dir='ltr'><strong>responderet,</strong></span> <span class='ocrx_word' id='word_1_134' title='bbox 923 1714 1097 1777; x_wconf 93' lang='lat' dir='ltr'><strong>Quod</strong></span> <span class='ocrx_word' id='word_1_135' title='bbox 1117 1714 1169 1765; x_wconf 99' lang='grc'><strong>8(</strong></span> <span class='ocrx_word' id='word_1_136' title='bbox 1187 1714 1460 1766; x_wconf 92' lang='lat' dir='ltr'><strong>breuibus</strong></span> <span class='ocrx_word' id='word_1_137' title='bbox 1485 1713 1636 1765; x_wconf 86' lang='lat' dir='ltr'><strong>fecit:</strong></span> <span class='ocrx_word' id='word_1_138' title='bbox 1664 1714 1962 1777; x_wconf 91' lang='lat' dir='ltr'><strong>Siquidem</strong></span> <span class='ocrx_word' id='word_1_139' title='bbox 1981 1713 2055 1765; x_wconf 91' lang='lat' dir='ltr'><strong>ad</strong></span> <span class='ocrx_word' id='word_1_140' title='bbox 2074 1713 2293 1778; x_wconf 88' lang='lat' dir='ltr'><strong>fingula</strong></span> <span class='ocrx_word' id='word_1_141' title='bbox 2318 1713 2504 1765; x_wconf 92' lang='lat' dir='ltr'><strong>rescri-</strong></span> 
     </span>
     <span class='ocr_line' id='line_1_20' title="bbox 348 1783 2506 1848; baseline -0 -13"><span class='ocrx_word' id='word_1_142' title='bbox 348 1786 482 1836; x_wconf 90' lang='lat' dir='ltr'><strong>bere</strong></span> <span class='ocrx_word' id='word_1_143' title='bbox 496 1800 616 1835; x_wconf 90' lang='lat' dir='ltr'><strong>non</strong></span> <span class='ocrx_word' id='word_1_144' title='bbox 630 1785 791 1836; x_wconf 91' lang='lat' dir='ltr'><strong>duxit</strong></span> <span class='ocrx_word' id='word_1_145' title='bbox 804 1786 1189 1836; x_wconf 88' lang='lat' dir='ltr'><strong>necessarium.</strong></span> <span class='ocrx_word' id='word_1_146' title='bbox 1212 1785 1279 1835; x_wconf 93' lang='lat' dir='ltr'><strong>In</strong></span> <span class='ocrx_word' id='word_1_147' title='bbox 1291 1786 1492 1848; x_wconf 89' lang='lat' dir='ltr'><strong>primis</strong></span> <span class='ocrx_word' id='word_1_148' title='bbox 1506 1790 1703 1835; x_wconf 90' lang='lat' dir='ltr'><strong>autem</strong></span> <span class='ocrx_word' id='word_1_149' title='bbox 1716 1783 2170 1847; x_wconf 85' lang='lat' dir='ltr'><strong>discrepantiam,</strong></span> <span class='ocrx_word' id='word_1_150' title='bbox 2192 1798 2325 1847; x_wconf 87' lang='lat' dir='ltr'><strong>quae</strong></span> <span class='ocrx_word' id='word_1_151' title='bbox 2339 1783 2506 1835; x_wconf 92' lang='lat' dir='ltr'><strong>nobis</strong></span> 
     </span>
     <span class='ocr_line' id='line_1_21' title="bbox 350 1853 2505 1917; baseline -0 -12"><span class='ocrx_word' id='word_1_152' title='bbox 350 1858 409 1905; x_wconf 91' lang='lat' dir='ltr'><strong>in</strong></span> <span class='ocrx_word' id='word_1_153' title='bbox 428 1854 818 1905; x_wconf 87' lang='lat' dir='ltr'><strong>verificatione</strong></span> <span class='ocrx_word' id='word_1_154' title='bbox 839 1854 1113 1905; x_wconf 87' lang='lat' dir='ltr'><strong>Fixarum</strong></span> <span class='ocrx_word' id='word_1_155' title='bbox 1132 1854 1428 1905; x_wconf 91' lang='lat' dir='ltr'><strong>intercedit</strong></span> <span class='ocrx_word' id='word_1_156' title='bbox 1447 1853 1827 1917; x_wconf 87' lang='lat' dir='ltr'><strong>aliquantula,</strong></span> <span class='ocrx_word' id='word_1_157' title='bbox 1854 1855 2089 1917; x_wconf 90' lang='lat' dir='ltr'><strong>attingit,</strong></span> <span class='ocrx_word' id='word_1_158' title='bbox 2114 1853 2505 1916; x_wconf 83' lang='lat' dir='ltr'><strong>existimatque</strong></span> 
     </span>
     <span class='ocr_line' id='line_1_22' title="bbox 350 1921 2504 1987; baseline -0.001 -12"><span class='ocrx_word' id='word_1_159' title='bbox 350 1922 775 1975; x_wconf 70' lang='lat' dir='ltr'><strong>Refractionum</strong></span> <span class='ocrx_word' id='word_1_160' title='bbox 800 1927 939 1975; x_wconf 88' lang='lat' dir='ltr'><strong>vitio</strong></span> <span class='ocrx_word' id='word_1_161' title='bbox 964 1926 1205 1975; x_wconf 90' lang='lat' dir='ltr'><strong>minime</strong></span> <span class='ocrx_word' id='word_1_162' title='bbox 1230 1921 1445 1975; x_wconf 72' lang='lat' dir='ltr'><strong>factum</strong></span> <span class='ocrx_word' id='word_1_163' title='bbox 1472 1924 1589 1983; x_wconf 88' lang='lat' dir='ltr'><strong>esse,</strong></span> <span class='ocrx_word' id='word_1_164' title='bbox 1620 1923 1777 1987; x_wconf 93' lang='lat' dir='ltr'><strong>quod</strong></span> <span class='ocrx_word' id='word_1_165' title='bbox 1802 1924 1980 1974; x_wconf 89' lang='lat' dir='ltr'><strong>Anno</strong></span> <span class='ocrx_word' id='word_1_166' title='bbox 2006 1923 2089 1975; x_wconf 90' lang='lat'><strong>87.</strong></span> <span class='ocrx_word' id='word_1_167' title='bbox 2118 1938 2148 1974; x_wconf 93' lang='lat' dir='ltr'><strong>e</strong></span> <span class='ocrx_word' id='word_1_168' title='bbox 2175 1922 2308 1974; x_wconf 92' lang='lat' dir='ltr'><strong>Sole</strong></span> <span class='ocrx_word' id='word_1_169' title='bbox 2336 1925 2504 1973; x_wconf 91' lang='lat' dir='ltr'><strong>inter-</strong></span> 
     </span>
     <span class='ocr_line' id='line_1_23' title="bbox 348 1991 2505 2058; baseline -0 -14"><span class='ocrx_word' id='word_1_170' title='bbox 348 1994 636 2045; x_wconf 90' lang='lat' dir='ltr'><strong>mediante</strong></span> <span class='ocrx_word' id='word_1_171' title='bbox 650 1994 891 2045; x_wconf 90' lang='lat' dir='ltr'><strong>Veneris</strong></span> <span class='ocrx_word' id='word_1_172' title='bbox 906 1993 1097 2053; x_wconf 89' lang='lat' dir='ltr'><strong>Stella,</strong></span> <span class='ocrx_word' id='word_1_173' title='bbox 1116 1994 1529 2058; x_wconf 90' lang='lat' dir='ltr'><strong>Longitudines</strong></span> <span class='ocrx_word' id='word_1_174' title='bbox 1543 1993 1819 2044; x_wconf 90' lang='lat' dir='ltr'><strong>Fixarum</strong></span> <span class='ocrx_word' id='word_1_175' title='bbox 1832 1995 2025 2056; x_wconf 93' lang='lat' dir='ltr'><strong>quinis</strong></span> <span class='ocrx_word' id='word_1_176' title='bbox 2039 1991 2230 2044; x_wconf 92' lang='lat' dir='ltr'><strong>adhuc</strong></span> <span class='ocrx_word' id='word_1_177' title='bbox 2243 1995 2505 2056; x_wconf 88' lang='lat' dir='ltr'><strong>proxime</strong></span> 
     </span>
     <span class='ocr_line' id='line_1_24' title="bbox 349 2061 2506 2127; baseline -0.001 -13"><span class='ocrx_word' id='word_1_178' title='bbox 349 2063 642 2127; x_wconf 90' lang='lat' dir='ltr'><strong>Scrupulis</strong></span> <span class='ocrx_word' id='word_1_179' title='bbox 661 2063 849 2115; x_wconf 83' lang='lat' dir='ltr'><strong>nostra</strong></span> <span class='ocrx_word' id='word_1_180' title='bbox 867 2066 1207 2114; x_wconf 92' lang='lat' dir='ltr'><strong>inuentione</strong></span> <span class='ocrx_word' id='word_1_181' title='bbox 1228 2065 1546 2114; x_wconf 88' lang='lat' dir='ltr'><strong>anteriores</strong></span> <span class='ocrx_word' id='word_1_182' title='bbox 1567 2069 1834 2127; x_wconf 90' lang='lat' dir='ltr'><strong>expertus</strong></span> <span class='ocrx_word' id='word_1_183' title='bbox 1853 2062 1931 2122; x_wconf 85' lang='lat' dir='ltr'><strong>fit,</strong></span> <span class='ocrx_word' id='word_1_184' title='bbox 1944 2077 2149 2114; x_wconf 89' lang='lat' dir='ltr'><strong>verum</strong></span> <span class='ocrx_word' id='word_1_185' title='bbox 2168 2063 2226 2113; x_wconf 91' lang='lat' dir='ltr'><strong>id</strong></span> <span class='ocrx_word' id='word_1_186' title='bbox 2245 2061 2390 2113; x_wconf 92' lang='lat' dir='ltr'><strong>mihi</strong></span> <span class='ocrx_word' id='word_1_187' title='bbox 2409 2064 2506 2113; x_wconf 86' lang='lat' dir='ltr'><strong>vix</strong></span> 
     </span>
     <span class='ocr_line' id='line_1_25' title="bbox 348 2131 2507 2197; baseline -0.001 -13"><span class='ocrx_word' id='word_1_188' title='bbox 348 2133 719 2196; x_wconf 91' lang='lat' dir='ltr'><strong>persuadebit.</strong></span> <span class='ocrx_word' id='word_1_189' title='bbox 735 2133 893 2184; x_wconf 93' lang='lat' dir='ltr'><strong>Nam</strong></span> <span class='ocrx_word' id='word_1_190' title='bbox 905 2132 956 2183; x_wconf 93' lang='grc'><strong>8(</strong></span> <span class='ocrx_word' id='word_1_191' title='bbox 968 2148 1072 2197; x_wconf 90' lang='lat' dir='ltr'><strong>ego</strong></span> <span class='ocrx_word' id='word_1_192' title='bbox 1085 2133 1292 2184; x_wconf 91' lang='lat' dir='ltr'><strong>eodem</strong></span> <span class='ocrx_word' id='word_1_193' title='bbox 1301 2139 1560 2196; x_wconf 91' lang='lat' dir='ltr'><strong>tempore</strong></span> <span class='ocrx_word' id='word_1_194' title='bbox 1574 2132 1741 2183; x_wconf 79' lang='lat' dir='ltr'><strong>simili</strong></span> <span class='ocrx_word' id='word_1_195' title='bbox 1754 2134 1995 2190; x_wconf 90' lang='lat' dir='ltr'><strong>ratione,</strong></span> <span class='ocrx_word' id='word_1_196' title='bbox 2010 2132 2286 2183; x_wconf 90' lang='lat' dir='ltr'><strong>Fixarum</strong></span> <span class='ocrx_word' id='word_1_197' title='bbox 2298 2131 2507 2183; x_wconf 92' lang='lat' dir='ltr'><strong>limites</strong></span> 
     </span>
     <span class='ocr_line' id='line_1_26' title="bbox 350 2201 2504 2266; baseline -0 -13"><span class='ocrx_word' id='word_1_198' title='bbox 350 2203 650 2266; x_wconf 91' lang='lat' dir='ltr'><strong>explorare</strong></span> <span class='ocrx_word' id='word_1_199' title='bbox 675 2218 796 2254; x_wconf 93' lang='lat' dir='ltr'><strong>non</strong></span> <span class='ocrx_word' id='word_1_200' title='bbox 822 2203 1013 2262; x_wconf 87' lang='lat' dir='ltr'><strong>destiti,</strong></span> <span class='ocrx_word' id='word_1_201' title='bbox 1040 2203 1091 2254; x_wconf 84' lang='lat'>&amp;</span> <span class='ocrx_word' id='word_1_202' title='bbox 1117 2202 1378 2266; x_wconf 87' lang='lat' dir='ltr'><strong>pluribus</strong></span> <span class='ocrx_word' id='word_1_203' title='bbox 1400 2202 1622 2253; x_wconf 89' lang='lat' dir='ltr'><strong>vicibus</strong></span> <span class='ocrx_word' id='word_1_204' title='bbox 1647 2202 1903 2266; x_wconf 89' lang='lat' dir='ltr'><strong>diligenti</strong></span> <span class='ocrx_word' id='word_1_205' title='bbox 1928 2201 2186 2253; x_wconf 86' lang='lat' dir='ltr'><strong>adhibita</strong></span> <span class='ocrx_word' id='word_1_206' title='bbox 2211 2203 2504 2253; x_wconf 90' lang='lat' dir='ltr'><strong>examina-</strong></span> 
     </span>
     <span class='ocr_line' id='line_1_27' title="bbox 349 2269 2504 2336; baseline -0 -13"><span class='ocrx_word' id='word_1_207' title='bbox 349 2275 504 2323; x_wconf 92' lang='lat' dir='ltr'><strong>tione</strong></span> <span class='ocrx_word' id='word_1_208' title='bbox 532 2272 901 2336; x_wconf 89' lang='lat' dir='ltr'><strong>deprehendi,</strong></span> <span class='ocrx_word' id='word_1_209' title='bbox 933 2272 973 2322; x_wconf 89' lang='lat' dir='ltr'>fi</span> <span class='ocrx_word' id='word_1_210' title='bbox 1001 2272 1394 2324; x_wconf 91' lang='lat' dir='ltr'><strong>Parallaxium</strong></span> <span class='ocrx_word' id='word_1_211' title='bbox 1424 2271 1474 2323; x_wconf 93' lang='grc'><strong>8(</strong></span> <span class='ocrx_word' id='word_1_212' title='bbox 1503 2269 1931 2323; x_wconf 79' lang='lat' dir='ltr'><strong>Refrac&#39;tionum</strong></span> <span class='ocrx_word' id='word_1_213' title='bbox 1959 2287 2081 2322; x_wconf 92' lang='lat' dir='ltr'><strong>non</strong></span> <span class='ocrx_word' id='word_1_214' title='bbox 2108 2270 2237 2323; x_wconf 91' lang='lat' dir='ltr'><strong>satis</strong></span> <span class='ocrx_word' id='word_1_215' title='bbox 2268 2273 2504 2322; x_wconf 91' lang='lat' dir='ltr'><strong>circum-</strong></span> 
     </span>
     <span class='ocr_line' id='line_1_28' title="bbox 348 2340 2505 2406; baseline -0.001 -13"><span class='ocrx_word' id='word_1_216' title='bbox 348 2340 527 2405; x_wconf 55' lang='lat' dir='ltr'><strong>speeie</strong></span> <span class='ocrx_word' id='word_1_217' title='bbox 547 2349 1014 2405; x_wconf 88' lang='lat' dir='ltr'><strong>praecauerentur</strong></span> <span class='ocrx_word' id='word_1_218' title='bbox 1033 2343 1463 2406; x_wconf 89' lang='lat' dir='ltr'><strong>impedimenta,</strong></span> <span class='ocrx_word' id='word_1_219' title='bbox 1485 2344 1743 2405; x_wconf 91' lang='lat' dir='ltr'><strong>quinque</strong></span> <span class='ocrx_word' id='word_1_220' title='bbox 1762 2341 1856 2392; x_wconf 90' lang='lat' dir='ltr'><strong>vel</strong></span> <span class='ocrx_word' id='word_1_221' title='bbox 1874 2340 1969 2392; x_wconf 91' lang='lat' dir='ltr'><strong>sex</strong></span> <span class='ocrx_word' id='word_1_222' title='bbox 1989 2341 2235 2392; x_wconf 90' lang='lat' dir='ltr'><strong>Minutis</strong></span> <span class='ocrx_word' id='word_1_223' title='bbox 2253 2340 2505 2400; x_wconf 82' lang='lat' dir='ltr'><strong>vlteriuS,</strong></span> 
     </span>
     <span class='ocr_line' id='line_1_29' title="bbox 350 2410 2507 2475; baseline 0 -13"><span class='ocrx_word' id='word_1_224' title='bbox 350 2427 526 2474; x_wconf 90' lang='lat' dir='ltr'><strong>quam</strong></span> <span class='ocrx_word' id='word_1_225' title='bbox 540 2419 815 2475; x_wconf 85' lang='lat' dir='ltr'><strong>oporteat,</strong></span> <span class='ocrx_word' id='word_1_226' title='bbox 836 2413 1104 2463; x_wconf 90' lang='lat' dir='ltr'><strong>recidere.</strong></span> <span class='ocrx_word' id='word_1_227' title='bbox 1126 2412 1239 2464; x_wconf 92' lang='lat' dir='ltr'><strong>Sed</strong></span> <span class='ocrx_word' id='word_1_228' title='bbox 1253 2411 1304 2463; x_wconf 94' lang='grc'><strong>8(</strong></span> <span class='ocrx_word' id='word_1_229' title='bbox 1317 2414 1379 2463; x_wconf 93' lang='lat' dir='ltr'><strong>in</strong></span> <span class='ocrx_word' id='word_1_230' title='bbox 1392 2412 1701 2463; x_wconf 93' lang='lat' dir='ltr'><strong>Decembri</strong></span> <span class='ocrx_word' id='word_1_231' title='bbox 1714 2413 1976 2475; x_wconf 85' lang='lat' dir='ltr'><strong>proxime</strong></span> <span class='ocrx_word' id='word_1_232' title='bbox 1991 2410 2164 2475; x_wconf 87' lang='lat' dir='ltr'><strong>elapfi</strong></span> <span class='ocrx_word' id='word_1_233' title='bbox 2176 2411 2353 2470; x_wconf 87' lang='lat' dir='ltr'><strong>Anni,</strong></span> <span class='ocrx_word' id='word_1_234' title='bbox 2374 2425 2507 2462; x_wconf 92' lang='lat' dir='ltr'><strong>cum</strong></span> 
     </span>
     <span class='ocr_line' id='line_1_30' title="bbox 349 2479 2505 2544; baseline 0 -13"><span class='ocrx_word' id='word_1_235' title='bbox 349 2481 547 2532; x_wconf 92' lang='lat' dir='ltr'><strong>Venus</strong></span> <span class='ocrx_word' id='word_1_236' title='bbox 572 2481 764 2532; x_wconf 90' lang='lat' dir='ltr'><strong>rursus</strong></span> <span class='ocrx_word' id='word_1_237' title='bbox 790 2482 914 2533; x_wconf 80' lang='lat' dir='ltr'><strong>an</strong></span> <span class='ocrx_word' id='word_1_238' title='bbox 938 2482 1188 2533; x_wconf 89' lang='lat' dir='ltr'><strong>interdiu</strong></span> <span class='ocrx_word' id='word_1_239' title='bbox 1213 2488 1556 2541; x_wconf 89' lang='lat' dir='ltr'><strong>cerneretur,</strong></span> <span class='ocrx_word' id='word_1_240' title='bbox 1584 2480 1875 2532; x_wconf 89' lang='lat' dir='ltr'><strong>viceuersa</strong></span> <span class='ocrx_word' id='word_1_241' title='bbox 1900 2495 2024 2532; x_wconf 90' lang='lat' dir='ltr'><strong>rem</strong></span> <span class='ocrx_word' id='word_1_242' title='bbox 2050 2495 2286 2531; x_wconf 90' lang='lat' dir='ltr'><strong>omnem</strong></span> <span class='ocrx_word' id='word_1_243' title='bbox 2312 2479 2505 2544; x_wconf 87' lang='lat' dir='ltr'><strong>explo-</strong></span> 
     </span>
    </p>
   </div>
   <div class='ocr_carea' id='block_1_9' title="bbox 348 2549 2526 2610">
    <p class='ocr_par' dir='ltr' id='par_1_9' title="bbox 348 2549 2526 2610">
     <span class='ocr_line' id='line_1_31' title="bbox 348 2549 2526 2610; baseline 0 -9"><span class='ocrx_word' id='word_1_244' title='bbox 348 2554 490 2610; x_wconf 88' lang='lat' dir='ltr'><strong>raui‚</strong></span> <span class='ocrx_word' id='word_1_245' title='bbox 525 2550 575 2601; x_wconf 96' lang='grc'><strong>8(</strong></span> <span class='ocrx_word' id='word_1_246' title='bbox 606 2552 947 2605; x_wconf 90' lang='lat' dir='ltr'><strong>tantundem</strong></span> <span class='ocrx_word' id='word_1_247' title='bbox 978 2551 1094 2603; x_wconf 90' lang='lat' dir='ltr'><strong>illic</strong></span> <span class='ocrx_word' id='word_1_248' title='bbox 1122 2552 1398 2604; x_wconf 91' lang='lat' dir='ltr'><strong>Fixarum</strong></span> <span class='ocrx_word' id='word_1_249' title='bbox 1428 2551 1558 2602; x_wconf 88' lang='lat' dir='ltr'><strong>loca</strong></span> <span class='ocrx_word' id='word_1_250' title='bbox 1588 2550 1730 2602; x_wconf 83' lang='lat' dir='ltr'><strong>iusto</strong></span> <span class='ocrx_word' id='word_1_251' title='bbox 1759 2553 2015 2602; x_wconf 90' lang='lat' dir='ltr'><strong>anterius</strong></span> <span class='ocrx_word' id='word_1_252' title='bbox 2047 2550 2267 2609; x_wconf 90' lang='lat' dir='ltr'><strong>cadere,</strong></span> <span class='ocrx_word' id='word_1_253' title='bbox 2301 2549 2526 2601; x_wconf 90' lang='lat' dir='ltr'><strong>eodem·</strong></span> 
     </span>
    </p>
   </div>
   <div class='ocr_carea' id='block_1_10' title="bbox 347 2618 2507 3448">
    <p class='ocr_par' dir='ltr' id='par_1_10' title="bbox 347 2618 2507 3380">
     <span class='ocr_line' id='line_1_32' title="bbox 347 2618 2507 2685; baseline -0 -14"><span class='ocrx_word' id='word_1_254' title='bbox 347 2621 522 2671; x_wconf 92' lang='lat' dir='ltr'><strong>modo</strong></span> <span class='ocrx_word' id='word_1_255' title='bbox 555 2624 824 2685; x_wconf 90' lang='lat' dir='ltr'><strong>comperi.</strong></span> <span class='ocrx_word' id='word_1_256' title='bbox 857 2621 982 2672; x_wconf 92' lang='lat' dir='ltr'><strong>Nec</strong></span> <span class='ocrx_word' id='word_1_257' title='bbox 1013 2621 1228 2681; x_wconf 93' lang='lat' dir='ltr'><strong>dubito,</strong></span> <span class='ocrx_word' id='word_1_258' title='bbox 1261 2621 1301 2672; x_wconf 89' lang='lat' dir='ltr'>fi</span> <span class='ocrx_word' id='word_1_259' title='bbox 1331 2621 1394 2672; x_wconf 91' lang='lat' dir='ltr'><strong>T.</strong></span> <span class='ocrx_word' id='word_1_260' title='bbox 1431 2620 1574 2673; x_wconf 92' lang='lat' dir='ltr'><strong>Cels.</strong></span> <span class='ocrx_word' id='word_1_261' title='bbox 1609 2620 2062 2672; x_wconf 88' lang='lat' dir='ltr'><strong>Mathematicus</strong></span> <span class='ocrx_word' id='word_1_262' title='bbox 2093 2622 2267 2671; x_wconf 91' lang='lat' dir='ltr'><strong>etiam</strong></span> <span class='ocrx_word' id='word_1_263' title='bbox 2298 2622 2359 2670; x_wconf 90' lang='lat' dir='ltr'><strong>in</strong></span> <span class='ocrx_word' id='word_1_264' title='bbox 2390 2618 2507 2670; x_wconf 89' lang='lat' dir='ltr'><strong>fine</strong></span> 
     </span>
     <span class='ocr_line' id='line_1_33' title="bbox 348 2689 2506 2755; baseline -0 -14"><span class='ocrx_word' id='word_1_265' title='bbox 348 2693 616 2753; x_wconf 86' lang='lat' dir='ltr'><strong>praeteriti</strong></span> <span class='ocrx_word' id='word_1_266' title='bbox 635 2691 812 2749; x_wconf 85' lang='lat' dir='ltr'><strong>Anni,</strong></span> <span class='ocrx_word' id='word_1_267' title='bbox 834 2691 885 2741; x_wconf 95' lang='grc'><strong>8(</strong></span> <span class='ocrx_word' id='word_1_268' title='bbox 904 2691 1080 2742; x_wconf 91' lang='lat' dir='ltr'><strong>huius</strong></span> <span class='ocrx_word' id='word_1_269' title='bbox 1100 2691 1344 2743; x_wconf 89' lang='lat' dir='ltr'><strong>labentis</strong></span> <span class='ocrx_word' id='word_1_270' title='bbox 1363 2693 1663 2755; x_wconf 81' lang='lat' dir='ltr'><strong>principie,</strong></span> <span class='ocrx_word' id='word_1_271' title='bbox 1691 2689 1927 2754; x_wconf 92' lang='lat' dir='ltr'><strong>quando</strong></span> <span class='ocrx_word' id='word_1_272' title='bbox 1947 2689 2146 2741; x_wconf 92' lang='lat' dir='ltr'><strong>Venus</strong></span> <span class='ocrx_word' id='word_1_273' title='bbox 2165 2689 2349 2740; x_wconf 91' lang='lat' dir='ltr'><strong>multo</strong></span> <span class='ocrx_word' id='word_1_274' title='bbox 2367 2695 2506 2740; x_wconf 91' lang='lat' dir='ltr'><strong>tem-</strong></span> 
     </span>
     <span class='ocr_line' id='line_1_34' title="bbox 347 2759 2506 2824; baseline -0 -14"><span class='ocrx_word' id='word_1_275' title='bbox 347 2774 487 2822; x_wconf 91' lang='lat' dir='ltr'><strong>pore</strong></span> <span class='ocrx_word' id='word_1_276' title='bbox 513 2761 721 2812; x_wconf 91' lang='lat' dir='ltr'><strong>diurna</strong></span> <span class='ocrx_word' id='word_1_277' title='bbox 748 2761 1102 2820; x_wconf 91' lang='lat' dir='ltr'><strong>cernebatur,</strong></span> <span class='ocrx_word' id='word_1_278' title='bbox 1129 2761 1204 2812; x_wconf 92' lang='lat' dir='ltr'><strong>ad</strong></span> <span class='ocrx_word' id='word_1_279' title='bbox 1229 2760 1410 2824; x_wconf 93' lang='lat' dir='ltr'><strong>ipsam</strong></span> <span class='ocrx_word' id='word_1_280' title='bbox 1432 2762 1779 2812; x_wconf 91' lang='lat' dir='ltr'><strong>matutinam</strong></span> <span class='ocrx_word' id='word_1_281' title='bbox 1798 2759 1925 2811; x_wconf 86' lang='lat' dir='ltr'><strong>haec</strong></span> <span class='ocrx_word' id='word_1_282' title='bbox 1945 2759 2137 2810; x_wconf 90' lang='lat' dir='ltr'><strong>rursus</strong></span> <span class='ocrx_word' id='word_1_283' title='bbox 2157 2759 2506 2823; x_wconf 92' lang='lat' dir='ltr'><strong>expenderit,</strong></span> 
     </span>
     <span class='ocr_line' id='line_1_35' title="bbox 348 2827 2506 2894; baseline -0 -14"><span class='ocrx_word' id='word_1_284' title='bbox 348 2830 502 2880; x_wconf 92' lang='lat' dir='ltr'><strong>idem</strong></span> <span class='ocrx_word' id='word_1_285' title='bbox 529 2845 759 2881; x_wconf 91' lang='lat' dir='ltr'><strong>mecum</strong></span> <span class='ocrx_word' id='word_1_286' title='bbox 788 2831 1152 2890; x_wconf 89' lang='lat' dir='ltr'><strong>adinuenisse,</strong></span> <span class='ocrx_word' id='word_1_287' title='bbox 1183 2830 1456 2894; x_wconf 90' lang='lat' dir='ltr'><strong>quodque</strong></span> <span class='ocrx_word' id='word_1_288' title='bbox 1485 2832 1605 2881; x_wconf 90' lang='lat' dir='ltr'><strong>iam</strong></span> <span class='ocrx_word' id='word_1_289' title='bbox 1632 2829 1910 2881; x_wconf 91' lang='lat' dir='ltr'><strong>sententia</strong></span> <span class='ocrx_word' id='word_1_290' title='bbox 1937 2835 2174 2888; x_wconf 90' lang='lat' dir='ltr'><strong>mutata,</strong></span> <span class='ocrx_word' id='word_1_291' title='bbox 2204 2831 2266 2879; x_wconf 93' lang='lat' dir='ltr'><strong>in</strong></span> <span class='ocrx_word' id='word_1_292' title='bbox 2290 2827 2506 2879; x_wconf 82' lang='lat' dir='ltr'><strong>nostras</strong></span> 
     </span>
     <span class='ocr_line' id='line_1_36' title="bbox 350 2897 2506 2963; baseline 0 -14"><span class='ocrx_word' id='word_1_293' title='bbox 350 2900 759 2963; x_wconf 89' lang='lat' dir='ltr'><strong>Longitudines</strong></span> <span class='ocrx_word' id='word_1_294' title='bbox 774 2899 1126 2951; x_wconf 92' lang='lat' dir='ltr'><strong>consenserit.</strong></span> <span class='ocrx_word' id='word_1_295' title='bbox 1142 2900 1325 2952; x_wconf 91' lang='lat' dir='ltr'><strong>Fuere</strong></span> <span class='ocrx_word' id='word_1_296' title='bbox 1339 2906 1536 2952; x_wconf 91' lang='lat' dir='ltr'><strong>autem</strong></span> <span class='ocrx_word' id='word_1_297' title='bbox 1550 2902 1700 2951; x_wconf 91' lang='lat' dir='ltr'><strong>circa</strong></span> <span class='ocrx_word' id='word_1_298' title='bbox 1709 2906 1951 2962; x_wconf 87' lang='lat' dir='ltr'><strong>vtraque</strong></span> <span class='ocrx_word' id='word_1_299' title='bbox 1964 2905 2227 2963; x_wconf 89' lang='lat' dir='ltr'><strong>tempora</strong></span> <span class='ocrx_word' id='word_1_300' title='bbox 2238 2897 2506 2949; x_wconf 89' lang='lat' dir='ltr'><strong>Declina-</strong></span> 
     </span>
     <span class='ocr_line' id='line_1_37' title="bbox 348 2967 2507 3033; baseline 0 -15"><span class='ocrx_word' id='word_1_301' title='bbox 348 2971 533 3019; x_wconf 89' lang='lat' dir='ltr'><strong>tiones</strong></span> <span class='ocrx_word' id='word_1_302' title='bbox 559 2968 707 3020; x_wconf 92' lang='lat' dir='ltr'><strong>Solis</strong></span> <span class='ocrx_word' id='word_1_303' title='bbox 728 2968 778 3019; x_wconf 93' lang='grc'><strong>8(</strong></span> <span class='ocrx_word' id='word_1_304' title='bbox 797 2970 1057 3029; x_wconf 82' lang='lat' dir='ltr'><strong>VeneriS‚</strong></span> <span class='ocrx_word' id='word_1_305' title='bbox 1084 2976 1257 3033; x_wconf 93' lang='lat' dir='ltr'><strong>atque</strong></span> <span class='ocrx_word' id='word_1_306' title='bbox 1283 2970 1459 3021; x_wconf 92' lang='lat' dir='ltr'><strong>huius</strong></span> <span class='ocrx_word' id='word_1_307' title='bbox 1479 2985 1515 3021; x_wconf 90' lang='lat' dir='ltr'><strong>a</strong></span> <span class='ocrx_word' id='word_1_308' title='bbox 1533 2968 1715 3020; x_wconf 93' lang='lat' dir='ltr'><strong>Terra</strong></span> <span class='ocrx_word' id='word_1_309' title='bbox 1739 2968 2017 3020; x_wconf 84' lang='lat' dir='ltr'><strong>distantiae</strong></span> <span class='ocrx_word' id='word_1_310' title='bbox 2042 2983 2164 3019; x_wconf 92' lang='lat' dir='ltr'><strong>non</strong></span> <span class='ocrx_word' id='word_1_311' title='bbox 2189 2967 2507 3019; x_wconf 91' lang='lat' dir='ltr'><strong>admodum</strong></span> 
     </span>
     <span class='ocr_line' id='line_1_38' title="bbox 350 3037 2506 3103; baseline -0 -15"><span class='ocrx_word' id='word_1_312' title='bbox 350 3037 613 3101; x_wconf 81' lang='lat' dir='ltr'><strong>dispareS,</strong></span> <span class='ocrx_word' id='word_1_313' title='bbox 641 3039 798 3101; x_wconf 92' lang='lat' dir='ltr'><strong>quod</strong></span> <span class='ocrx_word' id='word_1_314' title='bbox 822 3039 1072 3090; x_wconf 89' lang='lat' dir='ltr'><strong>multum</strong></span> <span class='ocrx_word' id='word_1_315' title='bbox 1097 3039 1230 3090; x_wconf 85' lang='lat' dir='ltr'><strong>facit</strong></span> <span class='ocrx_word' id='word_1_316' title='bbox 1255 3040 1330 3091; x_wconf 93' lang='lat' dir='ltr'><strong>ad</strong></span> <span class='ocrx_word' id='word_1_317' title='bbox 1352 3042 1435 3090; x_wconf 93' lang='lat' dir='ltr'><strong>rei</strong></span> <span class='ocrx_word' id='word_1_318' title='bbox 1455 3039 1819 3103; x_wconf 77' lang='lat' dir='ltr'><strong>inquirendae</strong></span> <span class='ocrx_word' id='word_1_319' title='bbox 1840 3038 2238 3089; x_wconf 90' lang='lat' dir='ltr'><strong>certitudinem</strong></span> <span class='ocrx_word' id='word_1_320' title='bbox 2257 3039 2506 3101; x_wconf 89' lang='lat' dir='ltr'><strong>penitius</strong></span> 
     </span>
     <span class='ocr_line' id='line_1_39' title="bbox 348 3106 2506 3172; baseline -0 -14"><span class='ocrx_word' id='word_1_321' title='bbox 348 3107 855 3171; x_wconf 83' lang='lat' dir='ltr'><strong>peruestigandam,</strong></span> <span class='ocrx_word' id='word_1_322' title='bbox 876 3108 1189 3171; x_wconf 85' lang='lat' dir='ltr'><strong>praesertim</strong></span> <span class='ocrx_word' id='word_1_323' title='bbox 1207 3109 1247 3159; x_wconf 87' lang='lat' dir='ltr'>fi</span> <span class='ocrx_word' id='word_1_324' title='bbox 1267 3109 1603 3167; x_wconf 82' lang='lat' dir='ltr'><strong>confimileS,</strong></span> <span class='ocrx_word' id='word_1_325' title='bbox 1625 3115 1682 3159; x_wconf 89' lang='lat' dir='ltr'><strong>vt</strong></span> <span class='ocrx_word' id='word_1_326' title='bbox 1703 3114 1940 3172; x_wconf 88' lang='lat' dir='ltr'><strong>oportet,</strong></span> <span class='ocrx_word' id='word_1_327' title='bbox 1962 3106 2347 3159; x_wconf 88' lang='lat' dir='ltr'><strong>adhibeantur</strong></span> <span class='ocrx_word' id='word_1_328' title='bbox 2365 3106 2506 3157; x_wconf 89' lang='lat' dir='ltr'><strong>Alti-</strong></span> 
     </span>
     <span class='ocr_line' id='line_1_40' title="bbox 348 3176 2507 3242; baseline -0 -15"><span class='ocrx_word' id='word_1_329' title='bbox 348 3177 591 3228; x_wconf 82' lang='lat' dir='ltr'><strong>tudineS.</strong></span> <span class='ocrx_word' id='word_1_330' title='bbox 612 3177 684 3227; x_wconf 93' lang='lat' dir='ltr'><strong>Vt</strong></span> <span class='ocrx_word' id='word_1_331' title='bbox 704 3192 842 3228; x_wconf 89' lang='lat' dir='ltr'><strong>vero</strong></span> <span class='ocrx_word' id='word_1_332' title='bbox 862 3177 926 3229; x_wconf 94' lang='lat' dir='ltr'><strong>T.</strong></span> <span class='ocrx_word' id='word_1_333' title='bbox 947 3177 1090 3229; x_wconf 89' lang='lat' dir='ltr'><strong>Cels.</strong></span> <span class='ocrx_word' id='word_1_334' title='bbox 1113 3179 1444 3242; x_wconf 91' lang='lat' dir='ltr'><strong>exemplum</strong></span> <span class='ocrx_word' id='word_1_335' title='bbox 1463 3178 1703 3242; x_wconf 93' lang='lat' dir='ltr'><strong>aliquod</strong></span> <span class='ocrx_word' id='word_1_336' title='bbox 1723 3193 1754 3229; x_wconf 89' lang='lat' dir='ltr'><strong>e</strong></span> <span class='ocrx_word' id='word_1_337' title='bbox 1774 3177 1974 3229; x_wconf 84' lang='lat' dir='ltr'><strong>nostris</strong></span> <span class='ocrx_word' id='word_1_338' title='bbox 1996 3176 2507 3229; x_wconf 88' lang='lat' dir='ltr'><strong>Obseruationibus</strong></span> 
     </span>
     <span class='ocr_line' id='line_1_41' title="bbox 348 3245 2505 3312; baseline 0 -16"><span class='ocrx_word' id='word_1_339' title='bbox 348 3249 410 3296; x_wconf 92' lang='lat' dir='ltr'><strong>in</strong></span> <span class='ocrx_word' id='word_1_340' title='bbox 433 3253 704 3310; x_wconf 89' lang='lat' dir='ltr'><strong>promptu</strong></span> <span class='ocrx_word' id='word_1_341' title='bbox 729 3246 955 3306; x_wconf 89' lang='lat' dir='ltr'><strong>habeat,</strong></span> <span class='ocrx_word' id='word_1_342' title='bbox 982 3250 1217 3299; x_wconf 90' lang='lat' dir='ltr'><strong>vnicum</strong></span> <span class='ocrx_word' id='word_1_343' title='bbox 1242 3248 1354 3299; x_wconf 94' lang='lat' dir='ltr'><strong>hoc</strong></span> <span class='ocrx_word' id='word_1_344' title='bbox 1379 3247 1735 3312; x_wconf 90' lang='lat' dir='ltr'><strong>subiungam.</strong></span> <span class='ocrx_word' id='word_1_345' title='bbox 1762 3248 1941 3298; x_wconf 89' lang='lat' dir='ltr'><strong>Anno</strong></span> <span class='ocrx_word' id='word_1_346' title='bbox 1966 3249 2178 3310; x_wconf 91' lang='lat' dir='ltr'><strong>itaque,</strong></span> <span class='ocrx_word' id='word_1_347' title='bbox 2203 3253 2263 3297; x_wconf 85' lang='lat' dir='ltr'><strong>vt</strong></span> <span class='ocrx_word' id='word_1_348' title='bbox 2285 3246 2403 3297; x_wconf 89' lang='lat' dir='ltr'><strong>dixi</strong></span> <span class='ocrx_word' id='word_1_349' title='bbox 2421 3245 2505 3298; x_wconf 91' lang='grc'><strong>87.</strong></span> 
     </span>
     <span class='ocr_line' id='line_1_42' title="bbox 349 3315 2507 3380; baseline 0 -14"><span class='ocrx_word' id='word_1_350' title='bbox 349 3316 438 3366; x_wconf 92' lang='lat' dir='ltr'><strong>die</strong></span> <span class='ocrx_word' id='word_1_351' title='bbox 471 3315 553 3366; x_wconf 86' lang='lat'><strong>24.</strong></span> <span class='ocrx_word' id='word_1_352' title='bbox 585 3315 856 3380; x_wconf 87' lang='lat' dir='ltr'><strong>Ianuarij,</strong></span> <span class='ocrx_word' id='word_1_353' title='bbox 890 3316 1035 3367; x_wconf 90' lang='lat' dir='ltr'><strong>Hor.</strong></span> <span class='ocrx_word' id='word_1_354' title='bbox 1067 3317 1114 3367; x_wconf 91' lang='grc' dir='ltr'><strong>Ο.</strong></span> <span class='ocrx_word' id='word_1_355' title='bbox 1148 3317 1230 3368; x_wconf 92' lang='grc' dir='ltr'><strong>Μ.</strong></span> <span class='ocrx_word' id='word_1_356' title='bbox 1261 3318 1331 3369; x_wconf 88' lang='grc'><strong>15.</strong></span> <span class='ocrx_word' id='word_1_357' title='bbox 1366 3317 1422 3368; x_wconf 90' lang='grc' dir='ltr'><strong>Ρ.</strong></span> <span class='ocrx_word' id='word_1_358' title='bbox 1454 3317 1537 3368; x_wconf 93' lang='grc' dir='ltr'><strong>Μ.</strong></span> <span class='ocrx_word' id='word_1_359' title='bbox 1570 3331 1702 3368; x_wconf 90' lang='lat' dir='ltr'><strong>cum</strong></span> <span class='ocrx_word' id='word_1_360' title='bbox 1733 3315 1830 3368; x_wconf 94' lang='lat' dir='ltr'><strong>Sol</strong></span> <span class='ocrx_word' id='word_1_361' title='bbox 1861 3315 2097 3367; x_wconf 90' lang='lat' dir='ltr'><strong>haberet</strong></span> <span class='ocrx_word' id='word_1_362' title='bbox 2127 3315 2507 3368; x_wconf 85' lang='lat' dir='ltr'><strong>Altitudinem</strong></span> 
     </span>
    </p>

    <p class='ocr_par' dir='ltr' id='par_1_11' title="bbox 2242 3385 2505 3448">
     <span class='ocr_line' id='line_1_43' title="bbox 2242 3385 2505 3448; baseline -0.004 -12"><span class='ocrx_word' id='word_1_363' title='bbox 2242 3391 2383 3448; x_wconf 85' lang='lat' dir='ltr'><strong>part.</strong></span> <span class='ocrx_word' id='word_1_364' title='bbox 2405 3385 2505 3436; x_wconf 74' lang='lat' dir='ltr'><strong>m.</strong></span> 
     </span>
    </p>
   </div>
   <div class='ocr_carea' id='block_1_11' title="bbox 2553 806 2574 838">
    <p class='ocr_par' dir='ltr' id='par_1_12' title="bbox 2553 806 2574 838">
     <span class='ocr_line' id='line_1_44' title="bbox 2553 806 2574 838; baseline 0 0"><span class='ocrx_word' id='word_1_365' title='bbox 2553 806 2574 838; x_wconf 89' lang='grc'><strong><em>5</em></strong></span> 
     </span>
    </p>
   </div>
   <div class='ocr_carea' id='block_1_12' title="bbox 2557 1174 2598 1208">
    <p class='ocr_par' dir='ltr' id='par_1_13' title="bbox 2557 1174 2598 1208">
     <span class='ocr_line' id='line_1_45' title="bbox 2557 1174 2598 1208; baseline 0 0"><span class='ocrx_word' id='word_1_366' title='bbox 2557 1174 2598 1208; x_wconf 77' lang='grc'><strong>10</strong></span> 
     </span>
    </p>
   </div>
   <div class='ocr_carea' id='block_1_13' title="bbox 2557 1522 2598 1556">
    <p class='ocr_par' dir='ltr' id='par_1_14' title="bbox 2557 1522 2598 1556">
     <span class='ocr_line' id='line_1_46' title="bbox 2557 1522 2598 1556; baseline -0.024 0"><span class='ocrx_word' id='word_1_367' title='bbox 2557 1522 2598 1556; x_wconf 85' lang='lat'><strong>15</strong></span> 
     </span>
    </p>
   </div>
   <div class='ocr_carea' id='block_1_14' title="bbox 2554 1868 2599 1903">
    <p class='ocr_par' dir='ltr' id='par_1_15' title="bbox 2554 1868 2599 1903">
     <span class='ocr_line' id='line_1_47' title="bbox 2554 1868 2599 1903; baseline -0.022 0"><span class='ocrx_word' id='word_1_368' title='bbox 2554 1868 2599 1903; x_wconf 86' lang='lat'><strong>20</strong></span> 
     </span>
    </p>
   </div>
   <div class='ocr_carea' id='block_1_15' title="bbox 2554 2217 2598 2251">
    <p class='ocr_par' dir='ltr' id='par_1_16' title="bbox 2554 2217 2598 2251">
     <span class='ocr_line' id='line_1_48' title="bbox 2554 2217 2598 2251; baseline 0 0"><span class='ocrx_word' id='word_1_369' title='bbox 2554 2217 2598 2251; x_wconf 87' lang='grc'><strong>25</strong></span> 
     </span>
    </p>
   </div>
   <div class='ocr_carea' id='block_1_16' title="bbox 2555 2913 2599 2947">
    <p class='ocr_par' dir='ltr' id='par_1_17' title="bbox 2555 2913 2599 2947">
     <span class='ocr_line' id='line_1_49' title="bbox 2555 2913 2599 2947; baseline 0 0"><span class='ocrx_word' id='word_1_370' title='bbox 2555 2913 2599 2947; x_wconf 82' lang='grc'><strong>35</strong></span> 
     </span>
    </p>
   </div>
   <div class='ocr_carea' id='block_1_17' title="bbox 2555 3260 2600 3360">
    <p class='ocr_par' dir='ltr' id='par_1_18' title="bbox 2555 3260 2600 3360">
     <span class='ocr_line' id='line_1_50' title="bbox 2555 3260 2600 3294; baseline 0 0"><span class='ocrx_word' id='word_1_371' title='bbox 2555 3260 2600 3294; x_wconf 79' lang='lat'><strong>40</strong></span> 
     </span>
     <span class='ocr_line' id='line_1_51' title="bbox 2556 3318 2582 3360; baseline 0 -21"><span class='ocrx_word' id='word_1_372' title='bbox 2556 3318 2582 3360; x_wconf 49' lang='lat' dir='ltr'><strong>ff.</strong></span> 
     </span>
    </p>
   </div>
  </div>
 </body>
</html>
