2748 4204
158 749 177 782 5

1028 303 1278 369 L1BER
1304 303 1627 358 PRIMUS
2338 310 2428 361 157

229 446 281 499 &
296 449 471 512 primi
485 445 741 511 Epicycli
756 444 908 497 Solis
922 445 1151 496 rursum
1166 445 2051 513 Homocentrepicyclepicyclos
2064 449 2428 514 reliquorum

228 517 621 577 Planetarum,
632 519 715 567 ita
723 522 784 568 vt
795 521 1062 567 centrum
1072 515 1671 568 Homocentricorum
1682 520 1745 569 in
1756 518 1996 583 reliquis
2007 519 2261 572 Planetis
2272 521 2428 573 idem

227 588 451 653 semper
476 588 602 640 esset
627 602 763 639 cum
790 593 989 638 centro
1018 589 1261 639 maioris
1287 586 1544 652 Epicycli
1570 587 1738 649 Solis,
1769 605 2005 655 vnaque
2034 606 2137 655 per
2165 592 2427 644 medium

227 659 380 712 Solis
394 665 625 710 motum
638 661 702 709 in
715 657 1179 710 Homocentrico
1194 657 1347 710 Solis
1361 659 1907 713 circumduceretur.
1930 661 2043 714 Sed
2057 663 2115 714 id
2129 678 2253 714 non
2266 679 2428 716 noua

226 732 454 783 ratione
479 728 785 789 faciebam,
811 728 907 781 sed
932 728 1166 793 prorsus
1192 728 1514 781 secundum
1535 730 1950 794 Copernicum,
1978 748 2085 784 nec
2105 742 2164 785 vt
2184 750 2426 786 conuer-

226 800 328 853 fim
344 816 449 866 per
462 802 667 852 omnia
680 799 1052 866 Hypotheses
1068 800 1385 864 Copernici
1400 800 1476 851 ad
1488 800 1874 853 mobilitatem
1889 803 2040 855 Solis
2052 804 2428 857 transferrem

226 872 394 925 aliter
411 871 603 924 facere
623 878 911 936 poteram:
934 870 1327 935 videbamque
1346 886 1479 922 eam
1497 874 1789 924 rationem
1803 873 1854 924 8(
1870 873 2176 926 Rheticum
2192 876 2243 927 8(
2258 876 2426 927 Rein-

226 942 474 996 holdum
499 942 850 995 intellexisse.
877 943 967 994 Ac
991 941 1314 994 secundum
1334 941 1494 993 hunc
1515 943 1760 994 modum
1782 948 2010 996 curauit
2031 961 2268 1010 quoque
2290 946 2426 999 Illu-

114 1025 195 1069 128
225 1014 510 1067 strissimus
538 1014 814 1078 Princeps
843 1013 1032 1065 noster
1059 1013 1343 1079 superiori
1368 1014 1550 1065 Anno
1581 1013 1911 1082 ἀυτόματον
1937 1011 1957 1083 ΙΙ
1985 1016 2233 1068 construi
2261 1021 2426 1069 mirae

136 1104 177 1139 10

133 1460 174 1495 15

128 2174 172 2209 25

130 3243 175 3277 40

226 1086 465 1150 quidem
493 1087 815 1150 paruitatiS,
845 1084 941 1137 sed
969 1091 1170 1137 tamen
1197 1087 1467 1136 omnium
1495 1084 1873 1137 Planetarum
1901 1094 2096 1139 motus
2127 1088 2424 1140 exhibens,

225 1156 316 1209 Est
340 1159 500 1209 enim
526 1156 824 1209 orbiculus
850 1158 1123 1221 vtrinque
1148 1156 1363 1221 planus
1390 1158 1453 1206 in
1479 1155 1767 1208 diametro
1789 1159 1889 1208 vix
1908 1158 1958 1209 6.
1979 1158 2220 1222 pollices
2248 1163 2424 1211 conti-

224 1243 388 1287 nens,
420 1231 484 1279 in
515 1230 684 1280 cuius
716 1227 901 1279 altera
931 1227 1175 1292 planitie
1200 1226 1493 1279 Theorica
1522 1227 1709 1279 Lunae
1744 1243 1878 1279 cum
1910 1228 2024 1280 suis
2058 1230 2342 1295 Epicyclis
2375 1231 2427 1282 8(

225 1299 433 1364 Capite
454 1299 748 1351 Draconis
769 1301 1122 1357 continetur:
1143 1301 1207 1350 in
1226 1298 1412 1351 altera
1431 1314 1573 1350 vero
1594 1298 1746 1351 Solis
1768 1299 1819 1350 8(
1839 1300 2203 1364 reliquorum
2223 1301 2425 1354 Plane-

222 1377 417 1423 tarum
449 1373 720 1422 omnium
751 1369 1076 1430 Theoricae‚
1116 1370 1584 1434 exhibenturque
1618 1385 1825 1422 omnes
1858 1378 2054 1423 motus
2086 1387 2209 1423 non
2240 1372 2427 1425 solum

221 1448 345 1495 tam
363 1442 823 1494 Anomaliarum
844 1440 896 1493 8(
917 1448 1254 1494 centrorum
1275 1455 1457 1506 quam
1477 1444 1601 1492 veri
1621 1444 1684 1493 in
1704 1442 2175 1507 Longitudinem,
2196 1460 2425 1496 verum-

222 1515 400 1566 etiam
419 1516 483 1565 in
501 1512 685 1565 tribus
704 1512 1100 1577 superioribus
1118 1515 1182 1564 in
1202 1512 1615 1565 Latitudinem.
1638 1514 1738 1564 An
1757 1528 1899 1565 vero
1919 1520 2038 1566 tuae
2058 1515 2426 1580 Hypotheses

222 1599 358 1637 cum
382 1583 476 1636 his
502 1584 729 1637 eaedem
754 1584 861 1636 fint
887 1583 939 1636 8(
966 1584 1346 1645 consentiant,
1374 1591 1532 1636 certo
1558 1584 1698 1636 scire
1719 1600 1843 1636 non
1865 1586 2101 1649 possum.
2130 1586 2242 1638 Etfi
2269 1590 2426 1639 enim

221 1655 557 1721 generalem
577 1655 817 1720 quidem
835 1655 1247 1722 Hypotypofin
1262 1655 1314 1707 &
1328 1655 1599 1708 ordinem
1614 1655 1996 1720 Sphaerarum
2016 1657 2286 1722 ipsosque
2301 1658 2425 1710 Pla-

221 1734 494 1779 netarum
507 1727 755 1779 circulos
769 1726 888 1779 fiue
902 1727 1399 1779 Homocentricos
1413 1726 1531 1779 fiue
1548 1727 1913 1779 Eccentricos
1929 1728 2160 1780 eosdem
2175 1730 2278 1780 esse
2295 1729 2426 1782 satis

221 1805 419 1864 aperte
444 1799 702 1851 videam:
730 1805 931 1851 tamen
952 1814 1088 1851 cum
1108 1805 1241 1851 tuas
1260 1813 1454 1851 nouas
1475 1798 1751 1863 appelles,
1781 1798 1833 1850 8(
1859 1802 1921 1850 in
1945 1799 2124 1851 literis
2144 1803 2426 1864 proximis

220 1869 446 1931 scribaS‚
460 1885 561 1922 eas
571 1870 1022 1935 particularibus
1033 1872 1395 1936 apparentijs
1404 1870 1787 1935 vndiquaque
1799 1872 2073 1935 aptissime
2085 1871 2425 1933 satisfacere,

222 1941 380 2006 quod
408 1948 609 1993 tamen
638 1947 849 1994 neutra
878 1942 1132 1994 aliarum
1166 1941 1510 1994 omnimode
1542 1941 1782 2007 praestet,
1815 1942 2088 1994 videntur
2118 1942 2361 1995 diuersae
2392 1960 2428 1995 a

222 2013 648 2077 Copernicanis
666 2012 911 2065 inuerfis
932 2014 1052 2066 esse.
1076 2013 1136 2066 Si
1157 2016 1319 2065 enim
1339 2013 1567 2065 eaedem
1588 2014 1773 2074 essent,
1795 2029 1919 2065 non
1938 2017 2123 2079 magis
2144 2014 2426 2067 satisface-

221 2091 349 2136 rent
373 2087 750 2150 apparentijS,
778 2100 961 2149 quam
983 2085 1415 2151 Copernicanae
1441 2084 1596 2150 ipsae,
1624 2085 1908 2149 fiquidem
1935 2088 2307 2150 quaecunque
2328 2102 2425 2151 ap-

221 2158 504 2221 parentiae
516 2171 590 2208 ex
601 2155 1030 2221 Copernicanis
1040 2156 1172 2221 ipfis
1183 2159 1560 2221 proueniunt,
1577 2172 1664 2208 eae
1678 2159 1857 2208 etiam
1868 2156 2100 2221 prorsus
2111 2172 2214 2221 per
2226 2161 2428 2210 omnia

222 2242 294 2279 ex
318 2226 563 2279 inuerfis
588 2227 805 2292 absque
830 2228 951 2280 vlla
976 2227 1310 2280 differentia
1334 2231 1706 2293 proueniant.
1736 2228 1968 2280 Deinde
1988 2229 2203 2280 videris
2230 2236 2427 2281 centra

222 2297 799 2351 homocentricorum
824 2299 1192 2364 reliquorum
1214 2299 1595 2352 Planetarum
1621 2315 1744 2351 non
1770 2303 1832 2351 in
1859 2299 2299 2352 homocentrico
2326 2308 2426 2352 aut

223 2377 421 2422 centro
434 2373 677 2423 maioris
692 2370 966 2437 Epicycli,
984 2371 1156 2423 sedin
1170 2371 1292 2436 ipso
1307 2371 1644 2423 Eccentrico
1659 2371 1811 2423 Solis
1826 2372 2275 2431 circumducere,
2292 2387 2425 2423 cum

222 2442 379 2494 idem
399 2457 638 2506 quoque
659 2444 722 2494 in
742 2441 995 2495 Cometa
1013 2442 1211 2495 facias.
1241 2442 1420 2506 Quod
1441 2442 1481 2494 fi
1502 2446 1582 2495 ita
1604 2443 1744 2503 esset,
1770 2458 1948 2494 nouae
1971 2442 2023 2494 8(
2042 2443 2286 2494 diuersae
2306 2458 2423 2495 me-

223 2515 333 2565 rito
359 2514 546 2573 essent,
575 2529 710 2565 cum
735 2512 848 2566 hac
875 2516 1103 2566 ratione
1131 2515 1541 2567 Eccentricitas
1562 2514 1712 2566 Solis
1739 2513 1850 2565 sese
1878 2514 2153 2565 omnibus
2173 2514 2426 2565 Planetis

222 2585 533 2637 necessario
558 2585 921 2646 immisceret,
949 2585 1210 2650 aliasque
1236 2588 1613 2650 apparentias
1636 2585 2043 2637 introduceret.
2066 2585 2288 2636 Verum
2310 2585 2424 2637 Ob-

222 2655 582 2708 seruationes
592 2655 731 2709 huic
742 2656 1118 2722 suppositioni
1132 2657 1499 2722 respondere,
1515 2659 1613 2708 vix
1628 2657 1988 2708 crediderim.
2006 2656 2137 2708 Scio
2153 2657 2426 2720 equidem

225 2727 623 2792 Copernicum
649 2728 1061 2790 demonstrare,
1087 2731 1479 2781 mutationem
1506 2729 1957 2780 Eccentricitatis
1983 2727 2134 2779 Solis
2162 2731 2337 2779 etiam
2364 2730 2425 2778 in

223 2797 462 2863 reliquis
482 2798 736 2852 Planetis
756 2800 1169 2861 animaduerti,
1191 2800 1350 2865 quod
1370 2807 1571 2852 tamen
1585 2802 1647 2850 in
1659 2799 1903 2851 Tabulis
1922 2805 2207 2862 tanquam
2229 2801 2425 2849 minus

222 2868 479 2923 senfibile
494 2870 763 2936 neglexit.
781 2871 973 2935 (Vnde
988 2887 1096 2937 ego
1111 2887 1350 2936 quoque
1363 2871 1724 2937 Epicyclium
1739 2870 1884 2922 illud
1896 2870 2046 2921 Solis
2063 2873 2123 2921 in
2137 2873 2425 2921 maiorem

224 2940 565 3007 Epicyclum
590 2942 928 3007 transposui,
957 2943 1118 3007 quod
1144 2943 1292 2995 alias
1319 2944 1395 2995 ad
1418 2942 1663 2994 Terram
1690 2942 2098 3006 reponendum
2124 2940 2317 2999 fuisset,
2346 2944 2425 2992 ita

222 3019 282 3064 vt
300 3011 509 3065 infima
527 3013 615 3065 sui
634 3021 798 3078 parte
819 3030 923 3079 per
943 3021 1210 3066 centrum
1227 3014 1427 3066 Terrae
1448 3013 1777 3079 tranfijsset.)
1798 3013 2203 3064 Veruntamen
2223 3012 2280 3063 id
2302 3027 2423 3063 om-

223 3086 367 3135 nino
396 3099 469 3136 ex
497 3084 673 3149 ipfius
700 3085 1027 3151 Hypothefi
1053 3087 1431 3137 necessarium
1462 3085 1551 3143 est,
1583 3085 1865 3149 liquidem
1895 3088 1998 3148 per
2024 3084 2425 3135 Eccentricum

224 3154 375 3207 Solis
399 3155 665 3222 intelligit
685 3156 1090 3209 Eccentricum
1110 3156 1325 3217 Terrae,
1355 3160 1522 3208 cuius
1543 3163 1824 3214 centrum,
1853 3155 1893 3206 fi
1918 3162 2209 3206 mutatum
2236 3154 2422 3212 fuerit,

222 3227 532 3279 necessario
564 3227 1032 3280 Eccentricitates
1065 3228 1432 3292 reliquorum
1465 3227 1841 3279 Planetarum
1874 3226 2135 3285 mutabit,
2170 3241 2304 3277 cum
2338 3241 2423 3276 eae

223 3312 430 3350 omnes
454 3297 569 3351 hoc
596 3306 862 3351 centrum
889 3298 1196 3363 respiciant
1223 3298 1275 3350 8(
1302 3298 1376 3351 ab
1402 3298 1516 3350 hoc
1542 3305 1742 3350 centro
1767 3313 1973 3349 earum
1993 3296 2423 3361 magnitudines

223 3376 621 3422 numerentur.
642 3371 739 3422 An
755 3373 969 3435 itaque,
985 3377 1044 3421 vt
1059 3370 1195 3430 dixi,
1211 3376 1329 3421 tuae
1346 3385 1481 3421 cum
1497 3369 1922 3434 Copernicanis
1937 3367 2179 3419 inuersis
2193 3366 2422 3488 progsus

2200 3452 2285 3488 eae
2329 3451 2422 3487 em
