2748 4204
184 1123 225 1159 lo

182 1481 224 1516 15

175 2196 220 2231 25

175 2908 222 2944 35

177 3265 224 3300 40

1077 319 1322 371 LIBER
1349 320 1674 375 PRIMUS
2408 328 2475 380 35

275 463 549 517 serenitas
575 468 774 527 optata
799 460 1027 522 affulsit,
1054 463 1217 513 varie
1244 461 1296 513 &
1321 462 1521 515 sedulo
1548 463 1773 515 caelitus
1799 463 1895 515 hic
1923 465 2303 530 depraehensa
2330 467 2475 529 sunt,

273 533 690 602 principaliora
710 533 988 597 quaedam
1007 532 1292 597 peculiari
1311 533 1514 585 charta
1535 534 1633 597 (ne
1647 534 1744 586 hic
1758 535 2064 588 inserendo
2079 539 2331 589 nimium
2345 539 2476 603 Epi-

274 606 415 660 stola
444 603 812 667 excresceret)
844 602 1140 668 descripta,
1170 602 1319 656 Tuae
1349 603 1692 656 Celfitudini
1720 621 1823 669 per
1853 609 2050 659 ocium
2079 609 2477 673 cognoscenda

274 680 456 730 mitt0.
483 675 815 728 Pleniorem
833 689 976 726 vero
998 673 1050 725 &
1069 677 1256 740 magis
1277 674 1619 736 absolutam,
1646 676 2022 742 pluribusque
2044 679 2476 733 obseruationi-

273 750 399 808 buS,
426 747 479 799 81
503 746 596 798 his
621 748 840 798 innixis
867 747 1036 797 certis
1057 745 1667 799 Demonstrationibus
1693 748 2112 802 constabilitam
2139 751 2476 804 declaratio-

273 834 427 878 nem,
453 833 578 870 non
602 816 791 869 solum
817 817 889 869 de
915 816 1029 868 hoc
1055 832 1245 881 nuper
1270 817 1392 869 viso
1420 817 1686 879 Cometa,
1713 818 1810 871 sed
1836 822 2013 872 etiam
2039 821 2110 873 de
2136 822 2318 875 tribus
2345 823 2475 889 alijs

273 892 539 956 proxime
566 887 772 954 elapsis
798 888 1024 953 aliquot
1049 888 1243 940 Annis
1270 887 1602 954 conspedti&
1632 896 1758 941 tum
1789 893 1966 943 etiam
1992 892 2063 944 de
2090 892 2272 945 Noua
2297 894 2399 946 illa
2425 894 2477 946 &

273 959 606 1015 admirabili
633 974 816 1025 prope
847 959 1166 1024 Cassiopeae
1197 959 1695 1013 constellationem
1725 968 1928 1014 exorta
1957 962 2151 1022 Stella,
2184 963 2476 1018 Celfitudo

272 1033 404 1086 Tua
430 1032 528 1084 vbi
558 1030 728 1096 Opus
759 1029 1019 1083 nostrum
1048 1031 1120 1083 de
1151 1031 1345 1083 Nouis
1374 1031 1640 1084 AEtherei
1670 1033 1888 1085 Mundi
1918 1033 2333 1087 Phaenomenis
2365 1036 2477 1089 hoc

273 1119 408 1157 aeuo
437 1100 769 1168 conspectiS,
799 1104 863 1154 in
891 1101 1086 1154 lucem
1114 1102 1410 1167 prodierit,
1440 1103 1802 1168 adipiscetur.
1834 1103 2293 1170 Quamprimum
2320 1110 2477 1160 enim

273 1177 477 1228 omnia
506 1176 570 1226 in
602 1188 674 1226 eo
707 1173 783 1226 ad
813 1172 1232 1238 Colophonem
1265 1172 1529 1232 deduc'ta,
1560 1175 1613 1227 &
1641 1174 1739 1227 hic
1767 1178 1830 1227 in
1857 1179 2097 1241 propria
2123 1193 2259 1230 mea
2286 1177 2476 1244 Typo-

272 1245 518 1313 graphia
538 1244 799 1310 (fauente
813 1243 1101 1308 Numine)
1124 1245 1335 1297 excusa
1354 1245 1586 1307 fuerint,
1601 1245 1749 1298 Tuae
1765 1246 2107 1300 Celfitudini
2123 1248 2479 1314 inspicienda

272 1318 324 1371 &
350 1316 728 1383 dijudicanda
753 1315 1154 1368 transmittam.
1183 1316 1344 1381 Quia
1363 1333 1505 1370 vero
1525 1320 1589 1370 in
1608 1317 1701 1370 his
1721 1319 1997 1371 omnibus
2018 1319 2380 1373 enucleatius
2403 1321 2477 1373 ad

272 1389 544 1442 Veritatis
553 1403 830 1440 normam
840 1394 1128 1452 tanquam
1139 1388 1394 1454 Lydium
1408 1389 1668 1454 lapidem
1681 1389 2016 1454 probandiS,
2032 1390 2286 1443 aliorum
2301 1394 2478 1444 etiam

271 1466 561 1526 quotquot
584 1458 803 1512 habere
830 1459 992 1511 licuit
1017 1458 1474 1513 obseruationes
1500 1460 1552 1512 &
1578 1460 1808 1526 placita,
1835 1460 1939 1514 suo
1965 1461 2096 1514 loco
2122 1462 2398 1527 proferre,
2426 1463 2478 1515 &

270 1540 394 1585 tum
416 1534 566 1584 inter
584 1529 657 1592 se,
678 1537 805 1583 tum
826 1546 962 1582 cum
982 1529 1114 1596 ipfis
1128 1531 1508 1598 Apparentijs
1528 1532 1744 1597 absque
1765 1535 1930 1585 omni
1949 1534 2293 1598 praeiudicio
2309 1534 2360 1586 &
2375 1534 2476 1587 ali-

271 1618 443 1657 orum
463 1601 806 1655 immodesta
821 1601 1311 1667 repraehenfione,
1332 1602 1535 1656 saltem
1547 1610 1607 1656 vt
1620 1604 1850 1657 Veritas
1863 1603 1985 1669 ipsa
1999 1620 2070 1657 eo
2084 1605 2442 1658 manifestius
2457 1602 2477 1674 ΙΙ

271 1674 629 1734 elucesceret,
652 1673 983 1739 expendere
1004 1673 1256 1735 decreui,
1278 1674 1471 1727 Tuam
1487 1675 1907 1728 Celfitudinem
1924 1675 2181 1729 submisse
2197 1676 2249 1728 &
2263 1677 2477 1730 obnixe

270 1752 498 1800 oratam
511 1745 667 1804 volo,
683 1752 742 1798 vt
761 1744 894 1798 suas
913 1752 1041 1797 tum
1061 1745 1134 1798 de
1154 1745 1257 1799 illa
1271 1746 1346 1799 ad
1362 1746 1750 1812 Cassiopeiam
1765 1747 1959 1809 Stella,
1981 1754 2106 1800 tum
2120 1748 2192 1800 de
2207 1748 2338 1815 alijs
2351 1748 2476 1801 sub-

269 1816 640 1884 sequentibus
657 1816 920 1870 Cometis
936 1816 1409 1879 ObseruationeS‚
1432 1834 1581 1883 quas
1601 1818 1778 1872 habet
1798 1817 2047 1880 exadtaS,
2068 1834 2303 1872 mecum
2321 1836 2475 1873 com-

268 1892 573 1943 municare
593 1904 718 1941 non
738 1889 1099 1955 dedignetur.
1122 1889 1250 1942 Nec
1271 1893 1430 1942 enim
1452 1890 1671 1950 dubito,
1693 1893 1838 1955 quin
1858 1890 2040 1943 veluti
2058 1890 2190 1943 Tua
2204 1891 2475 1944 Celfitud.

269 1965 331 2014 in
348 1959 499 2014 difia
512 1976 677 2013 noua
690 1960 885 2021 Stella,
906 1976 1030 2026 prae
1043 1960 1244 2013 multis
1259 1961 1391 2027 alijs
1405 1964 1664 2014 veritatis
1678 1962 2004 2029 penetralia
2016 1961 2226 2015 redtius
2240 1962 2477 2028 ingressa

268 2033 347 2092 sit,
370 2033 537 2097 (dum
550 2031 819 2084 videlicet
840 2047 975 2085 eam
994 2031 1382 2086 insensibilem
1402 2033 1657 2086 habuisse
1677 2033 2027 2099 parallaxin‚
2048 2034 2300 2099 ideoque
2315 2037 2378 2086 in
2390 2034 2477 2086 su-

268 2119 474 2170 premo
484 2102 727 2156 AEthere
740 2103 1033 2156 constitisse
1045 2105 1243 2165 asserit,
1257 2120 1439 2169 quam
1450 2105 1719 2170 plurimis
1730 2105 2221 2157 Astronomorum
2232 2108 2333 2170 qui
2345 2121 2478 2158 eam

269 2175 704 2229 Elementarem
719 2175 1056 2236 statuerunt,
1077 2175 1543 2230 intollerabiliter
1557 2176 1986 2241 aberrantibus)
2007 2176 2080 2229 fic
2095 2179 2273 2230 etiam
2286 2179 2348 2229 in
2363 2177 2477 2230 Co-

267 2253 560 2300 metarum
582 2246 1107 2300 obseruationibus
1126 2247 1300 2314 longe
1320 2251 1652 2301 accuratius
1673 2264 1855 2313 quam
1882 2251 2076 2301 caeteri
2101 2255 2322 2301 metam
2347 2264 2476 2314 pro-

267 2318 512 2385 positam
526 2320 789 2384 attigerit.
806 2318 1101 2384 Imprimis
1114 2334 1257 2371 vero
1272 2335 1309 2372 a
1322 2318 1455 2372 Tua
1467 2319 1824 2372 Celsitudine
1840 2320 2052 2385 quibus
2067 2321 2287 2385 possum
2298 2323 2476 2385 preci-

267 2390 378 2443 bus
398 2390 660 2443 obtinere
681 2389 958 2452 desidem,
979 2396 1041 2442 vt
1060 2406 1132 2443 ea
1154 2394 1348 2451 etiam,
1370 2407 1507 2456 quae
1528 2394 1591 2443 in
1611 2394 1834 2444 caeteris
1850 2392 2085 2444 Mundo
2103 2394 2322 2444 coaeuis
2339 2391 2475 2444 fide-

268 2461 452 2523 ribus;
478 2461 798 2527 praesertim
823 2477 927 2527 per
953 2478 1118 2515 noua
1142 2462 1245 2515 illa
1273 2463 1529 2528 Organa,
1557 2469 1679 2516 tam
1706 2479 1825 2528 quo
1853 2464 1928 2516 ad
1954 2462 2264 2523 distantiaS,
2296 2478 2477 2528 quarn

269 2533 713 2586 Declinationes
732 2533 851 2586 siue
873 2533 1243 2587 Meridianas
1263 2534 1621 2587 Altitudines
1641 2532 1926 2587 hactenus
1947 2535 2332 2594 adinuenerit,
2356 2549 2475 2586 me-

269 2620 404 2657 cum
434 2604 751 2658 clementer
779 2607 1065 2671 impertiri
1094 2621 1220 2658 non
1247 2613 1540 2672 grauetur.
1572 2607 1694 2672 Ego
1719 2607 1954 2659 vicissim
1979 2613 2106 2658 tum
2136 2606 2474 2665 earundem,

267 2683 395 2729 tum
414 2678 593 2729 etiam
613 2676 869 2729 aliarum
888 2676 1205 2730 Stellarum
1228 2677 1556 2731 consimiles
1577 2677 2047 2737 obseruationeS,
2074 2683 2247 2742 prout
2274 2676 2476 2729 nostris

269 2747 667 2801 Instrumentis
697 2747 922 2801 caelitfis
951 2748 1350 2814 depraehensae
1379 2749 1524 2809 sunt,
1552 2749 1699 2801 Tuae
1731 2749 2001 2802 Celfitud.
2032 2764 2136 2814 per
2165 2751 2352 2801 otium
2381 2748 2475 2800 de-

268 2819 520 2884 scriptas,
535 2822 749 2872 remitti
764 2820 1001 2881 curab0,
1016 2827 1077 2873 vt
1091 2820 1405 2873 collatione
1419 2823 1678 2873 inuicem
1691 2819 1858 2882 facta,
1874 2821 1945 2873 de
1958 2820 2478 2872 Instrumentorum

271 2890 324 2943 &
344 2890 842 2944 obseruationum
862 2892 1207 2944 certitudine
1228 2908 1300 2944 eo
1320 2890 1531 2945 rectius
1552 2892 1915 2958 dijudicetur.
1944 2892 2221 2944 Formam
2246 2890 2479 2956 insuper

271 2962 324 3015 &
342 2960 637 3015 strudturae
658 2965 951 3016 rationem
970 2966 1034 3015 in
1054 2963 1203 3016 Tuae
1224 2963 1596 3017 Celsitudinis
1624 2966 1864 3030 nouitijs
1884 2963 2303 3023 Instrumentis;
2330 2977 2477 3027 prae-

269 3033 463 3086 sertim
483 3049 603 3099 quo
624 3034 700 3087 ad
720 3034 1061 3088 Sextantem
1081 3038 1301 3095 attinet,
1323 3034 1363 3087 fi
1376 3034 1509 3087 Tua
1523 3034 1794 3088 Celfitud.
1816 3034 1964 3087 mihi
1985 3035 2340 3087 delineatam
2360 3049 2479 3086 vna

270 3104 501 3166 miserit,
530 3121 657 3158 rem
683 3108 862 3159 etiam
887 3106 1086 3159 fecerit
1114 3106 1288 3172 longe
1315 3108 1774 3172 acceptissimam.
1805 3107 1966 3159 Nam
1991 3106 2314 3171 plurimum
2338 3105 2477 3157 scire

271 3191 443 3237 aue0,
470 3192 628 3230 anne
650 3177 855 3242 (veluti
875 3193 948 3230 ex
967 3178 1257 3243 probabili
1278 3176 1616 3230 coniectura
1634 3178 1918 3243 assequor)
1941 3177 2311 3230 Celfitudinis
2330 3176 2477 3228 Tuae

271 3263 435 3301 noua
447 3247 578 3301 haec
592 3249 980 3302 Instrumenta
991 3250 1316 3314 plurimum
1330 3249 1720 3302 similitudinis
1734 3265 1870 3302 cum
1885 3249 2231 3314 quibusdam
2245 3264 2318 3301 ex
2331 3250 2477 3300 meis

271 3318 552 3380 habeant;
578 3320 756 3386 idque
781 3320 1101 3386 praesertim
1127 3337 1247 3386 quo
1274 3321 1350 3374 ad
1376 3320 1795 3373 subdiuisiones
1820 3321 2111 3386 graduum
2136 3336 2239 3385 per
2258 3317 2478 3372 Puncta

271 3389 692 3453 transuersalia,
715 3391 767 3443 &
788 3393 1269 3445 Pinnacidiorum
1286 3408 1389 3457 per
1407 3392 1652 3444 rimulas
1666 3392 2001 3452 ParallelaS,
2022 3389 2322 3512 nocturnils
2337 3389 2476 3443 Stel-

415 3472 459 3508 ⁵⁸
1357 3495 1359 3497 ·
2306 3476 2477 3513 arum
