2730 4212
83 1265 125 1299 10

977 275 1223 327 LIBER
1251 275 1574 328 PRIMUS
2278 276 2382 327 275

555 417 949 472 NICOLAVS
977 416 1474 469 COPERNICVS
1500 416 2002 470 TORONENSIS

586 494 770 536 VIXIT
791 492 981 535 CIRCA
1001 491 1257 535 ANNUM
1284 491 1411 533 1520.
1434 491 1593 534 POST
1615 492 1970 536 CHRISTVM.

323 572 665 629 Curriculis
687 570 852 626 tritis
872 569 1070 638 diffise
1094 569 1571 632 COPERNICE,
1604 571 1856 623 Terram

458 644 744 706 Inuitam,
767 640 1138 709 Astriferum
1157 638 1404 695 flectere
1426 641 1606 708 cogis
1625 641 1761 695 iter.

519 786 801 839 TYCHO
829 785 1101 837 BRAHE
1127 782 1404 835 DANVS
1431 783 1540 835 DE
1566 784 2040 837 KNVDSTRVP

691 860 880 903 CIRCA
901 859 1157 902 ANNUM
1183 857 1311 901 1580.
1333 858 1493 901 POST
1514 858 1872 902 CHRISTVM.

319 938 601 1006 Quaesitis
624 941 919 993 Veterum
941 937 1291 1006 &proprijs
1310 938 1567 990 Normae
1586 935 1766 1002 Astra
1778 937 2015 1006 subegi,

461 1010 693 1077 Quanti
708 1010 787 1073 id,
808 1009 1113 1064 Iudicium
1133 1006 1515 1074 Posteritatis
1535 1008 1670 1062 erit.

1006 1151 1548 1204 TYCHONIDES.

325 1244 419 1306 Te,
445 1243 806 1296 venerande
826 1243 1087 1303 ParenS,
1112 1243 1341 1308 tuaque
1362 1241 1490 1293 alta
1511 1241 1778 1294 Inventa
1790 1239 2158 1308 sequentem

458 1315 584 1367 Det
598 1314 717 1366 DE
725 1313 839 1376 VS,
862 1312 1192 1366 Atlantiim
1214 1311 1584 1366 continuare
1607 1311 1799 1366 ViceS.
1822 1308 1843 1381 ΙΙ

54 1543 141 1586 245
245 1529 314 1580 In
339 1528 452 1580 hoc
479 1534 679 1580 autem
698 1527 1074 1580 subterraneo
1096 1527 1494 1593 Hypocausto,
1516 1543 1553 1579 a
1572 1533 1737 1591 parte
1760 1526 2066 1587 Orientali,
2095 1526 2383 1591 explicato

82 1766 124 1801 15

78 2122 124 2157 20

77 2509 123 2543 25

77 2864 124 2899 30

78 3218 125 3253 35

174 1602 410 1665 parietis
424 1599 703 1651 mediano
720 1599 802 1663 (vt
814 1598 1052 1662 vocant)
1071 1601 1228 1650 intus
1244 1614 1316 1650 ex
1329 1614 1503 1650 muro
1519 1598 1786 1650 constans
1802 1598 1854 1649 8(
1867 1597 2189 1650 fornicatus
2203 1597 2384 1651 lectus

173 1671 534 1736 conspicitur,
555 1673 619 1722 in
639 1686 759 1735 quo
779 1670 1104 1735 aliquando
1124 1670 1242 1735 ipse
1256 1670 1555 1730 TYCHO,
1579 1686 1715 1722 cum
1730 1669 1986 1722 nubibus
2002 1669 2220 1722 coelum
2235 1673 2385 1722 inter

172 1742 349 1796 nociu
364 1742 798 1795 obseruandum
818 1742 1144 1803 obducitur,
1166 1742 1460 1806 quiescere
1480 1741 1681 1806 potest:
1703 1741 1884 1793 veluti
1906 1744 2084 1793 etiam
2104 1741 2178 1793 ab
2199 1741 2384 1794 altera

172 1814 372 1866 itidem
398 1821 562 1878 parte
589 1813 742 1866 alius
767 1813 954 1866 multo
980 1816 1188 1875 maior,
1220 1819 1383 1866 extra
1408 1820 1610 1866 tamen
1636 1813 2099 1879 Hypocaustum‚
2130 1815 2193 1864 in
2218 1813 2384 1865 vsum

171 1885 555 1938 studiosorum
579 1885 754 1950 ipfius
781 1885 1104 1946 ordinatuS‚
1131 1888 1434 1949 reperitur,
1462 1886 1639 1949 idque
1666 1887 1728 1936 in
1753 1884 2037 1949 peculiari
2057 1884 2133 1936 ad
2153 1884 2267 1936 hoc
2288 1885 2383 1937 de-

171 1959 375 2022 putata
392 1957 629 2022 Crypta,
651 1972 787 2021 quae
809 1959 987 2009 etiam
1006 1956 1241 2021 prorsus
1261 1956 1639 2009 subterranea
1660 1957 1755 2008 est:
1779 1956 1831 2008 8(
1850 1956 1982 2007 licet
2001 1956 2385 2009 testudineata

171 2028 250 2088 fit,
270 2035 471 2081 tamen
490 2028 755 2093 superius
776 2028 852 2080 ad
872 2028 1271 2093 aequilibrium
1286 2029 1634 2080 Horizontis
1647 2028 1829 2093 plana
1843 2034 2102 2092 apparet,
2125 2043 2200 2080 ne
2218 2028 2382 2093 quid-

172 2102 334 2165 piam
354 2099 650 2164 impediat.

1187 2189 1370 2241 XVII.

242 2272 336 2324 Ab
353 2271 719 2324 Occidentali
733 2272 1096 2338 Hypocausti
1115 2279 1279 2337 parte
1301 2272 1556 2337 oblonga
1575 2272 1778 2324 mensa
1798 2271 2085 2323 collocata
2106 2271 2196 2331 est,
2219 2274 2314 2323 cui
2335 2274 2384 2323 is

172 2343 472 2395 Studiosus
498 2343 705 2403 assidet,
736 2345 839 2408 qui
868 2343 1324 2396 obseruationes
1351 2343 1668 2396 conscribit.
1699 2343 1825 2395 Post
1855 2358 1989 2395 eam
2017 2343 2280 2395 mensam
2308 2343 2384 2395 ad

170 2417 471 2478 parietem,
498 2414 652 2466 infra
671 2414 937 2475 limbum,
964 2430 1250 2480 magnum
1272 2415 1487 2479 pendet
1507 2415 1978 2474 Instrumentum‚
2005 2414 2179 2465 instar
2200 2413 2382 2466 Semi-

172 2486 389 2546 circuli,
427 2486 810 2550 vndiquaque
847 2486 1184 2538 transuersis
1217 2486 1754 2551 contignationibus
1792 2485 2110 2545 firmatum,
2151 2501 2219 2537 ac
2254 2486 2382 2538 Ori-

171 2556 377 2609 chalco
391 2560 454 2609 in
468 2557 937 2609 circumferentia
951 2556 1285 2610 obductum.
1302 2558 1438 2609 Hoc
1454 2557 1756 2609 Distantiae
1772 2556 2102 2617 Stellarum,
2119 2563 2383 2621 quantae-

172 2644 406 2693 cunque
426 2628 548 2690 fint,
575 2631 638 2680 in
657 2635 779 2680 toto
801 2631 980 2681 etiam
1000 2629 1438 2694 Hemisphaerio
1460 2631 1590 2693 capi
1610 2630 1849 2693 possunt.
1881 2628 2081 2680 Habet
2101 2634 2301 2680 autem
2321 2631 2384 2680 in

172 2700 480 2752 Diametro
506 2699 604 2752 sex
630 2699 877 2752 cubitos:
906 2700 1208 2752 Interdum
1232 2700 1284 2751 8(
1308 2700 1448 2752 alibi
1474 2703 1793 2765 reponitur,
1822 2715 2076 2764 cumque
2104 2702 2230 2751 eius
2250 2700 2383 2752 vsus

171 2774 502 2836 requiritur,
532 2771 715 2836 (quod
740 2778 942 2824 tamen
962 2787 1097 2823 raro
1117 2771 1203 2835 fit)
1231 2771 1503 2836 requifito
1525 2774 1780 2823 exterius
1800 2770 2005 2831 fulcr0‚
2034 2787 2154 2835 quo
2175 2774 2238 2822 in
2260 2787 2382 2823 om-

172 2858 312 2895 nem
326 2842 641 2896 Stellarum
654 2842 823 2895 fitum
838 2843 1148 2895 commode
1163 2843 1331 2908 dirigi
1345 2849 1538 2907 queat,
1559 2859 1684 2894 non
1704 2842 1872 2895 aliter
1886 2858 2069 2907 quam
2082 2845 2144 2894 in
2160 2845 2384 2895 caeteris

173 2914 546 2967 Sextantibus
566 2913 695 2966 fieri
714 2914 871 2976 solet,
892 2915 1324 2979 imponendum
1343 2917 1519 2966 venit.

242 2985 456 3038 Versus
467 2985 886 3052 Borolybicum
899 3002 1082 3051 prope
1096 2986 1362 3038 mensam
1375 2988 1487 3038 tria
1500 2985 1766 3050 dispofita
1778 2985 1908 3037 sunt
1922 2985 2235 3038 artificiose
2248 3001 2383 3037 con-

173 3054 322 3108 fecta
341 3056 689 3122 Horologia,
718 3073 854 3122 quae
881 3058 1099 3117 HoraS,
1127 3057 1368 3109 Minuta
1388 3057 1439 3109 8(
1461 3056 1734 3110 Secunda
1760 3056 2073 3122 defignant,
2101 3060 2183 3109 ita
2202 3063 2261 3109 vt
2282 3060 2384 3122 qui

176 3127 630 3180 Obseruationes
649 3131 713 3180 in
732 3129 881 3181 libro
905 3128 1044 3181 huic
1063 3128 1189 3180 vsui
1210 3131 1529 3193 quotannis
1550 3129 1829 3193 deputato
1849 3128 2053 3189 scribit,
2081 3128 2174 3180 his
2199 3145 2383 3194 prope

174 3199 424 3260 assidere,
457 3200 972 3265 Momentumque,
1007 3216 1127 3265 quo
1158 3200 1505 3253 Obseruatio
1536 3199 1617 3260 fit,
1650 3216 1792 3252 mox
1824 3200 2298 3252 animaduertere
2331 3200 2383 3251 8(

174 3277 461 3322 annotare
494 3278 686 3336 queat.
718 3272 835 3323 Vni
862 3287 1005 3323 vero
1039 3287 1247 3323 eorum
1279 3272 1355 3324 ad
1386 3271 1826 3336 frontispicium,
1859 3271 1973 3324 hoc
2006 3272 2384 3336 Epigramma

176 3340 490 3394 Orichalco
511 3342 756 3395 incisum
778 3343 868 3395 est.

315 3424 384 3459 35*
1986 3412 2380 3467 TEMPORA
