2730 4212
360 314 461 365 290
702 303 1304 359 EPISTOLARUM
1330 301 2162 354 ASTRONOMICARUM

357 444 721 500 Pyronomicis.
750 444 799 483 Z.
823 442 960 483 Cella
987 439 1317 480 subterranea
1343 449 1438 491 pro
1464 437 1775 491 reponendis
1800 437 1959 490 lignis.
1987 449 2035 487 η.
2058 438 2303 491 Coquina.
2333 439 2393 481 D.
2417 439 2505 482 Ca-

357 517 501 547 mera
530 504 719 544 uocata
745 499 920 540 rubea.
955 510 1000 539 α.
1029 497 1249 538 Camera
1275 496 1416 537 flaua
1443 494 1775 549 ocstogonalis.
1809 496 1860 536 E.
1890 495 2110 537 Camera
2136 497 2377 539 caerulea.
2412 497 2505 541 His

355 563 517 603 tribus
536 558 806 611 respondet
824 555 999 597 uersus
1020 554 1276 596 Occasum
1297 554 1636 595 Coenaculum
1657 553 1825 594 maius
1845 552 2079 594 aestiuum
2098 552 2249 596 uiridi
2267 555 2444 598 colore
2465 557 2505 598 81

356 619 635 661 herbarum
655 613 861 668 picturis
881 614 1206 662 exornatum,
1231 612 1368 653 unde
1387 610 1602 652 nauium
1622 610 1798 652 aestiuo
1818 610 2104 662 praesertim
2122 613 2359 665 tempore
2378 624 2506 666 prae-

353 673 783 727 ternauigantium
803 671 978 724 ingens
997 680 1246 711 numerus
1266 668 1584 721 prospicitur.
1606 668 1664 709 X.
1688 667 1938 710 Fenestrae
1959 667 2231 722 superioris
2247 670 2505 724 contigna-

353 733 518 775 tionis.
547 732 606 774 Ο.
629 728 1051 772 Obseruatorium
1071 727 1240 768 maius
1261 726 1615 775 Meridionale,
1644 725 1841 778 aliquot
1858 725 2074 779 insignes
2093 726 2134 768 δι
2153 727 2380 771 maiores
2399 741 2506 771 ma-

354 791 533 833 chinas
547 786 929 831 Astronomicas
950 785 1233 827 continens.
1255 785 1303 826 P.
1320 784 1516 826 Globus
1530 783 1786 833 uolubiliS‚
1809 783 1891 825 cui
1909 783 2192 836 imponitur
2204 785 2507 829 Instrumen-

352 853 462 890 tum
494 849 624 889 inter
657 843 1037 888 obseruandum
1070 842 1329 884 distantias
1361 841 1652 891 Stellarum,
1688 840 1807 882 huic
1841 841 2012 883 similis
2042 843 2218 885 uersus
2250 843 2506 887 Occasum

353 905 636 959 respondet.
666 903 724 953 Q.
747 901 984 943 Ambitus
1012 898 1327 953 octogonalis
1352 899 1404 941 in
1430 909 1533 951 quo
1560 899 1679 940 fitus
1700 898 1769 941 est
1790 898 1985 941 Globus
2003 899 2296 952 praedictus.
2325 901 2385 945 N.
2407 902 2507 946 Ob-

353 962 690 1006 seruatorium
716 960 885 1002 minus
912 957 1250 1000 Meridionale
1271 957 1513 998 Armillas
1533 956 1873 1009 AEquatorias
1898 956 2113 1000 habens.
2135 958 2216 1001 W.
2239 959 2506 1003 descensus

352 1023 403 1063 in
418 1018 834 1068 Laboratorium‚
855 1017 894 1058 81
916 1016 1151 1058 ascensus
1163 1015 1215 1057 in
1230 1014 1669 1057 Obseruatorium.
1693 1014 1744 1057 R.
1762 1013 2186 1058 Obseruatorium
2205 1017 2375 1060 maius
2390 1018 2507 1072 Sep-

351 1078 655 1121 tentrionale
684 1076 879 1128 aliquot
907 1074 1063 1117 etiam
1093 1073 1293 1127 magnis
1322 1072 1674 1114 Instrumentis
1701 1071 1967 1115 refertum.
2001 1073 2049 1115 S.
2081 1073 2506 1119 Obseruatorium

352 1137 520 1179 minus
551 1133 957 1188 septentrionale
989 1131 1117 1173 alias
1148 1130 1392 1172 Armillas
1423 1129 1764 1183 AEquatorias
1795 1130 2020 1184 capiens.
2053 1131 2105 1174 T.
2136 1132 2279 1176 Alius
2311 1134 2507 1177 Globus

350 1193 596 1236 uersatilis
610 1190 934 1245 imponendis
948 1189 1278 1232 sextantibus
1291 1188 1585 1238 inseruiens‚
1602 1188 1686 1230 cui
1700 1187 1857 1230 etiam
1871 1189 2048 1231 uersus
2062 1189 2322 1234 Occasum
2335 1192 2506 1235 similis

350 1252 634 1305 respondet.
657 1251 714 1291 In
733 1250 851 1291 loco
873 1251 1047 1290 autem
1068 1246 1327 1300 superiore
1346 1246 1499 1299 ipsius
1517 1246 1720 1296 domus,
1742 1246 1830 1288 ubi
1843 1246 2077 1290 fenestrae
2091 1249 2331 1292 rotundae
2344 1250 2507 1293 uisun-

349 1315 446 1360 tur,
469 1308 667 1351 Odtona
689 1307 926 1349 cubicula
947 1306 1058 1347 sunt
1078 1316 1172 1358 pro
1194 1304 1452 1347 Studiosis.
1478 1316 1517 1346 e.
1540 1304 1794 1357 Suprema
1814 1304 2035 1347 Camera
2056 1304 2374 1360 o‹5togonalis
2392 1320 2507 1362 pro-

349 1369 487 1410 xime
506 1367 638 1408 infra
659 1364 919 1418 cuspidem
940 1364 1143 1413 domus,
1165 1374 1230 1405 ex
1251 1375 1353 1415 qua
1373 1362 1600 1415 undique
1623 1365 1765 1415 patet
1784 1361 2096 1416 prospectus,
2123 1363 2324 1408 habens
2342 1366 2395 1408 in
2414 1367 2507 1409 cir-

350 1426 489 1468 cuitu
510 1423 778 1473 ambitum,
802 1433 956 1475 quem
977 1421 1258 1463 Galleriam
1278 1423 1487 1471 uocant,
1509 1421 1660 1474 supra
1679 1418 1888 1462 tectum.
1909 1433 1980 1472 γγ.
2003 1421 2283 1466 Structurae
2304 1423 2506 1478 oc‘togo-

349 1484 507 1533 nales,
536 1483 587 1524 in
616 1481 801 1534 quibus
828 1479 1077 1533 imagines
1106 1479 1307 1529 excisae,
1337 1478 1379 1521 4.
1410 1478 1544 1520 Anni
1571 1481 1747 1532 partes
1775 1478 2073 1530 referentes,
2107 1481 2503 1534 conspiciuntur.

351 1538 430 1590 ββ.
453 1541 659 1593 Septem
680 1538 879 1580 Camini
897 1537 950 1579 in
968 1549 1131 1579 unum
1151 1537 1436 1579 desinentes
1454 1536 1632 1578 uersus
1651 1536 1907 1588 Austrum,
1935 1537 1976 1578 81
2004 1537 2085 1592 alij
2114 1538 2309 1592 septem
2329 1541 2506 1583 uersus

349 1600 583 1648 Boream,
616 1597 703 1639 ubi
735 1606 918 1639 omnes
947 1594 1147 1647 Camini
1177 1594 1334 1637 totius
1366 1594 1555 1636 domus
1584 1593 1852 1636 distinctim
1881 1599 2213 1639 concurrunt.
2249 1597 2309 1640 N.
2340 1598 2507 1642 Horo-

347 1657 540 1710 logium
568 1655 713 1698 cuius
742 1655 1009 1707 Campana
1036 1664 1076 1704 ς.
1104 1653 1332 1706 superius
1361 1653 1564 1706 pendet.
1595 1649 1638 1695 λ.
1666 1653 1881 1706 Pegasus
1910 1657 2139 1705 auratus,
2170 1655 2257 1708 qui
2283 1656 2507 1699 uersatili

347 1715 513 1757 indice
538 1714 671 1756 infra
695 1713 987 1755 tabulatum
1008 1711 1263 1764 supremae
1283 1711 1520 1753 Camerae
1540 1710 1756 1753 ostendit
1781 1711 1919 1753 unde
1937 1711 2079 1754 uenti
2099 1712 2299 1766 spirent.
2328 1714 2507 1768 Ibique

348 1774 476 1815 alius
491 1773 650 1814 Index
669 1771 720 1812 in
740 1770 927 1812 eodem
947 1772 1125 1812 centro
1145 1769 1384 1811 uolubilis
1404 1769 1564 1812 horas
1584 1769 1848 1812 monstrat.
1869 1769 2005 1812 Talis
2019 1769 2088 1813 est
2102 1771 2328 1815 exterior
2345 1772 2506 1816 facies

347 1832 533 1874 domus
554 1831 654 1872 fiue
676 1829 740 1871 ab
763 1828 971 1871 Oriente
991 1828 1094 1870 fiue
1113 1827 1179 1870 ab
1201 1827 1404 1870 Occasu
1425 1825 1691 1881 spectetur.

713 1957 1341 2020 JCHNOGRAPHIA
1366 1956 1796 2009 PRAECIPUAE
1822 1956 2124 2011 DOMUS.

411 2957 455 2997 A
477 2957 637 2999 Ianua
651 2957 848 3001 Orient:
872 2959 908 3001 C
929 2959 1194 3002 Occident.
1217 2954 1261 3002 Θ
1279 2960 1537 3002 Tranfitus
1555 2959 1583 3001 4
1604 2959 1671 3002 ad
1692 2960 1906 3013 angulos
1926 2957 2095 3001 rectos
2115 2959 2498 3000 concurrentes.

344 3014 380 3055 B
394 3014 525 3056 Fons
539 3015 824 3068 Aquarium
839 3017 1122 3060 uolubilem
1136 3021 1314 3060 rotans
1329 3018 1415 3070 qui
1433 3029 1596 3071 aquas
1616 3017 1736 3060 hinc
1757 3017 1875 3059 inde
1896 3028 2018 3060 cum
2038 3016 2179 3058 lubet
2198 3015 2498 3058 eiaculatur.

343 3072 388 3112 D
404 3073 742 3116 Coenaculum
755 3074 1065 3127 hybernum.
1088 3075 1208 3118 EFG
1224 3076 1460 3118 Camerae
1476 3087 1571 3129 pro
1586 3075 1882 3128 hospitibus.
1906 3076 1949 3117 L
1963 3074 2168 3118 Gradus
2181 3084 2276 3127 pro
2292 3073 2500 3115 ascensu

341 3130 393 3171 in
407 3131 720 3183 superiorem
736 3132 1187 3186 contignationem.
1203 3133 1250 3175 H
1263 3134 1507 3186 Coquina.
1525 3134 1568 3175 K
1580 3135 1764 3176 Puteus
1774 3133 1832 3176 40
1841 3134 1943 3175 uln.
1960 3132 2263 3186 profundus,
2280 3130 2499 3173 artificio

342 3188 589 3242 hydatico
617 3189 855 3240 seruiens,
883 3191 923 3232 81
950 3203 1113 3244 aquas
1142 3203 1234 3244 per
1259 3192 1569 3245 Syfiphones
1594 3191 1646 3233 in
1672 3192 1890 3245 singulas
1916 3202 2156 3233 cameras
2181 3189 2496 3232 distribuens.

340 3247 374 3287 P
388 3246 592 3289 Gradus
607 3258 702 3300 pro
717 3248 958 3290 descensu
972 3249 1024 3290 in
1038 3249 1455 3291 Laboratorium.
1471 3250 1510 3291 T
1525 3250 1856 3292 Bibliotheca.
1869 3249 1936 3291 W
1948 3249 2145 3291 Globus
2160 3258 2378 3301 magnus
2392 3246 2501 3289 Ori-

341 3304 621 3347 chalcicus.
634 3305 678 3347 V
690 3306 896 3349 mensae.
910 3306 951 3348 4.
967 3306 1201 3356 Quatuor
1213 3307 1425 3349 Camini.
1440 3308 1484 3349 Y
1497 3306 1652 3350 Lecsti.
1670 3308 1870 3350 Caetera
1886 3309 2068 3350 acutus
2082 3304 2335 3359 inspee‘tor
2347 3304 2500 3347 facile

340 3373 432 3415 per
452 3362 501 3404 se
521 3363 785 3406 discernet.
808 3361 828 3421 ΙΙ
2274 3364 2499 3416 ARCIS

2558 969 2598 1003 10

2557 1258 2598 1293 15

2553 1548 2598 1582 20

2551 1838 2596 1872 25

2547 3135 2593 3170 30
