2748 4204
428 333 506 383 118
773 328 1373 380 EPISTOLARUM
1400 325 2229 379 ASTRONOMICARUM

425 470 648 520 lissimos
669 468 920 531 quosque
940 469 1093 516 viros
1113 465 1437 529 perscripta:
1462 481 1594 528 quae
1616 480 1748 516 cum
1768 464 2078 515 auidissime
2098 464 2465 528 perlegerem,
2485 468 2568 517 in-

427 540 535 589 cidi
560 537 791 588 tandem
815 539 875 586 in
898 536 970 593 id,
998 535 1152 597 quod
1173 535 1247 585 ad
1267 535 1339 585 D.
1361 533 1864 586 FALCHONEM
1887 533 2102 584 GOYE
2121 533 2370 592 miseras,
2397 541 2568 598 atque

424 609 495 658 ab
522 607 700 657 altera
725 608 949 668 paginae
976 610 1135 666 parte
1161 606 1362 654 inueni
1387 604 1552 655 binas
1577 606 1873 667 imagineS,
1904 602 2145 653 alteram
2170 603 2568 664 Astronomiae,

423 677 661 726 alteram
688 677 809 724 eius
830 675 999 732 Artis,
1028 688 1205 735 quam
1231 673 1600 736 Spagyricam
1626 671 1899 735 appellas,
1928 671 2090 732 Quas
2116 687 2249 722 cum
2274 672 2569 737 diligenter

421 744 697 802 intuebar,
719 743 1103 794 animaduerti
1122 742 1194 793 ab
1214 749 1455 804 vtroque
1477 757 1678 793 earum
1697 741 1874 792 latere
1894 740 2086 791 literas
2107 741 2398 804 quasdam,
2419 745 2569 795 circa
2616 761 2638 794 5

420 814 844 864 Astronomiam
876 811 1126 874 quidem,
1159 811 1667 862 SVSPICIENDO
1698 810 2075 862 DESPICIO:
2109 813 2257 862 circa
2285 811 2569 875 reliquam

418 898 571 941 vern,
599 881 1120 932 DESPICIENDO
1147 880 1502 932 SVSPICIO.
1530 881 1651 931 Diu
1675 879 1803 931 haec
1828 895 1961 930 cum
1987 880 2368 932 admiratione
2395 884 2569 934 etiam
2616 887 2644 930 i·

419 959 589 1015 atque
611 954 784 1001 etiam
802 950 1178 1008 confideranS,
1201 952 1448 1014 cogitaui
1461 950 1696 1001 tandem
1710 948 2164 1013 Hieroglyphica
2178 951 2295 1010 esse,
2315 956 2485 1014 teque
2499 954 2569 1016 ijs

418 1022 559 1072 forte
587 1036 860 1078 annuere,
888 1021 1088 1070 Artem
1114 1020 1484 1083 Spagyricam
1509 1022 1802 1071 continere
1826 1021 2000 1070 totius
2021 1019 2263 1071 Naturae
2285 1019 2337 1070 &
2356 1020 2568 1073 Mundi

418 1090 975 1154 contemplationem,
998 1090 1049 1140 &
1068 1089 1320 1152 perinde,
1342 1105 1409 1140 ac
1423 1089 1805 1147 Astronomia‚
1826 1088 1956 1139 suos
1969 1087 2183 1140 habere
2197 1089 2479 1150 PlanetaS,
2500 1107 2567 1143 ac
2619 1107 2661 1142 10

418 1176 548 1223 quae
570 1160 795 1210 Natura
821 1162 933 1222 agit
958 1174 1059 1221 per
1080 1159 1279 1210 Sidera
1305 1158 1561 1218 caelestia,
1590 1174 1660 1210 ea
1685 1174 1853 1223 agere
1879 1158 2044 1209 simili
2070 1158 2327 1211 efficacia
2348 1175 2449 1223 per
2467 1160 2568 1212 sua

417 1230 630 1280 Sidera.
659 1229 791 1279 Hoc
810 1229 849 1279 fi
870 1231 947 1279 ita
968 1228 1055 1286 est,
1077 1244 1358 1291 perquam
1377 1228 1514 1279 scire
1535 1231 1721 1291 cupio,
1743 1228 1882 1292 quid
1900 1230 1963 1279 in
1981 1229 2122 1279 Arte
2142 1228 2451 1293 Spagyrica
2469 1246 2566 1294 ap-

415 1299 634 1362 pelletis
654 1298 864 1357 Solem,
891 1298 1028 1361 quid
1055 1298 1298 1356 Lunam,
1327 1299 1464 1361 quid
1488 1298 1818 1358 Saturnum,
1846 1298 2065 1358 Iouem,
2092 1298 2361 1359 Martem,
2382 1299 2566 1352 Vene-

416 1384 553 1426 rem,
594 1368 967 1427 Mercurium,
1004 1368 1142 1430 quid
1175 1367 1489 1419 Elementa.
1522 1368 1706 1419 Video
1739 1367 2184 1419 abstrufissimam
2215 1369 2316 1419 esse
2348 1369 2564 1430 Artem,

415 1439 742 1500 Rerumque
763 1438 1050 1488 Naturam
1071 1440 1168 1488 vix
1194 1437 1308 1488 fine
1335 1453 1405 1489 ea
1431 1438 1625 1489 dextre
1652 1437 1890 1502 intelligi
1914 1438 2084 1501 posse;
2109 1437 2403 1501 fimileque
2429 1440 2566 1503 quid
2618 1455 2659 1489 15

414 1508 642 1557 tenuisse
670 1507 1003 1558 Sacerdotes
1022 1507 1405 1571 AEgyptiacos.
1435 1507 1569 1570 Quo
1589 1507 1629 1558 fi
1649 1524 1685 1559 a
1704 1514 1757 1558 te
1784 1508 2040 1559 obtinere
2066 1508 2289 1570 possem,
2315 1515 2374 1559 vt
2399 1509 2469 1560 de
2495 1525 2566 1561 eo

413 1592 506 1627 me
532 1577 797 1627 redderes
823 1579 1138 1636 certiorem,
1164 1576 1396 1640 aliaque
1423 1577 1537 1629 huc
1562 1580 1907 1641 pertinentia
1930 1577 2222 1641 adijcereS,
2250 1577 2301 1628 ἀ
2327 1581 2426 1642 qui
2445 1579 2565 1631 Au-

413 1653 563 1697 tores
589 1646 659 1696 de
685 1646 794 1697 hac
814 1647 954 1697 Arte
980 1646 1227 1710 legendi:
1254 1650 1468 1711 gratius
1493 1647 1639 1698 mihi
1665 1647 1928 1699 accidere
1948 1646 2356 1699 nihilomnino
2380 1650 2563 1712 posset.

413 1716 585 1777 Quod
605 1731 698 1767 me
719 1721 837 1767 tam
856 1715 1188 1767 humaniter
1206 1718 1436 1777 inuitaS,
1459 1723 1519 1768 vt
1537 1724 1591 1768 te
1611 1717 1856 1769 inuisere
1882 1732 2004 1768 non
2029 1719 2416 1778 intermittam,
2442 1734 2564 1783 gra-

410 1788 517 1836 tias
543 1785 642 1836 tibi
669 1801 813 1848 quas
839 1787 1054 1849 possum
1080 1802 1205 1850 ag0.
1233 1787 1414 1838 Haud
1440 1790 1520 1838 ita
1545 1787 1767 1839 dudum
1789 1787 1978 1838 aiebat
1997 1786 2388 1839 Illustrissimus
2407 1788 2563 1840 Prin·
2613 1802 2658 1847 20

411 1870 542 1918 ceps
561 1855 760 1915 noster,
787 1855 884 1906 fibi
909 1855 1152 1918 placere,
1178 1863 1236 1907 vt
1261 1857 1477 1908 nostras
1498 1857 1806 1909 Stellarum
1825 1857 2099 1908 Fixarum
2121 1856 2565 1910 obseruationes

410 1925 734 1976 dedicarem
754 1925 1111 1976 Serenissimo
1132 1926 1345 1978 Daniae
1366 1927 1518 1991 Regi.
1547 1927 1606 1979 Si
1626 1930 1687 1978 in
1707 1942 1778 1978 ea
1796 1927 2073 1978 sententia
2097 1927 2563 1990 perseuerauerit,

409 2001 608 2057 potero
629 1994 738 2045 hac
759 1995 1052 2046 occafione
1073 1996 1146 2047 ad
1166 2002 1219 2046 te
1234 1998 1453 2047 venire:
1475 1997 1557 2048 fin
1569 1999 1780 2055 minus,
1802 1996 2098 2060 conscripfi
2111 1997 2430 2062 Vitebergae
2444 2014 2565 2049 non

409 2064 523 2115 fine
544 2064 737 2115 multis
753 2065 959 2128 vigilijs
974 2065 1253 2129 Organon
1267 2066 1766 2126 Mathematicum,
1788 2066 1945 2130 quod
1966 2068 2217 2118 continet
2230 2067 2564 2131 Logisticam

409 2134 871 2197 Sexagenariam,
894 2133 1235 2187 Dodirinam
1248 2136 1493 2196 finuum,
1509 2134 1850 2188 Doctrinam
1864 2136 1935 2187 de
1949 2136 2379 2199 Compofitione
2394 2139 2562 2189 ratio·
2611 2152 2655 2186 2⁵

409 2219 551 2254 num
571 2203 668 2254 seu
688 2204 758 2255 de
776 2205 992 2268 Regula
1011 2205 1105 2256 sex
1126 2209 1528 2269 quantitatum,
1551 2206 1603 2257 &
1622 2204 1964 2258 Doctrinam
1976 2205 2425 2270 Triangulorum
2443 2213 2563 2259 tam

408 2273 835 2336 Sphaerieorum
856 2290 1034 2337 quam
1053 2275 1385 2335 Planorum‚
1413 2272 1752 2344 per-uspicue
1779 2276 1830 2326 &
1853 2275 2104 2327 breuiter
2122 2276 2318 2327 multis
2338 2275 2389 2327 &
2407 2279 2560 2341 inge·
2604 2283 2660 2326 90

406 2342 576 2393 niofis
597 2344 951 2407 compendijs
971 2345 1260 2404 refertum,
1280 2345 1542 2409 mihique
1563 2346 1966 2397 charissimum:
1987 2345 2044 2397 id
2059 2346 2196 2409 Regi
2208 2346 2388 2398 vestro
2403 2347 2560 2398 Sere-

407 2413 624 2463 nissimo
651 2413 944 2474 dedicab0‚
971 2430 1045 2465 ne
1071 2415 1216 2466 mihi
1243 2415 1461 2467 occafio
1482 2416 1556 2467 ad
1574 2422 1629 2467 te
1648 2415 1920 2467 veniendi
1940 2415 2089 2467 defit.
2118 2415 2434 2480 Conscripfl
2459 2417 2559 2468 ibi-

406 2482 537 2532 dem
570 2485 743 2534 etiam
772 2484 1217 2544 Astronomiam,
1249 2487 1311 2536 in
1343 2501 1460 2549 qua
1491 2485 1856 2550 Hypotheses
1889 2486 2197 2548 Copernici
2227 2486 2455 2538 traduxi
2486 2485 2559 2537 ad

404 2552 781 2604 mobilitatem
810 2553 959 2604 Solis
990 2554 1168 2617 (quod
1197 2554 1322 2606 fieri
1350 2557 1497 2618 posse
1527 2571 1649 2607 non
1676 2554 1930 2620 ignoras)
1960 2555 2293 2620 fingulaque
2321 2554 2558 2606 Theori-

405 2637 604 2672 carum
636 2622 941 2675 Schemata
973 2624 1196 2676 calculo
1225 2625 1529 2676 Prutenico
1561 2625 1870 2677 declaraui.
1900 2625 2119 2676 Verum
2150 2640 2283 2677 cum
2313 2641 2415 2689 per
2444 2624 2558 2677 Ob-

403 2691 753 2743 seruationes
779 2695 1121 2753 inuenerim,
1143 2694 1398 2746 Tabulas
1418 2695 1750 2747 Prutenicas
1768 2695 1937 2747 valde
1962 2694 2249 2758 infigniter
2268 2710 2304 2747 a
2322 2697 2559 2747 veritate

404 2760 551 2811 Caeli
578 2761 776 2821 abesse;
803 2763 1254 2825 publicationem
1280 2767 1404 2816 eius
1430 2764 1545 2816 huc
1564 2765 1738 2828 vsque
1764 2764 1964 2825 distuli,
1989 2779 2064 2815 ne
2083 2764 2348 2816 vitiosum
2373 2764 2557 2816 calcu-

403 2830 525 2881 lum
550 2846 655 2894 pro
675 2846 813 2882 vero
835 2832 1174 2885 discentibus
1194 2834 1418 2885 viderer
1438 2835 1863 2886 commendare.
1891 2834 1949 2886 Si
1975 2836 2143 2898 igitur
2167 2834 2268 2886 tibi
2293 2834 2557 2898 placeret,
2606 2849 2651 2884 35

403 2899 558 2962 fique
585 2900 860 2954 Canones
884 2908 1015 2953 tuos
1040 2903 1470 2956 Astronomicos
1497 2907 1560 2956 in
1588 2905 1804 2956 Lucem
1833 2906 2140 2963 emitteres;
2171 2904 2325 2955 Loco
2354 2904 2559 2956 calculi

403 2969 687 3020 Prutenici
713 2977 879 3022 tuum
903 2971 1307 3033 substituerem,
1333 2980 1391 3025 vt
1415 2981 1550 3026 tuus
1576 2974 1831 3026 calculus
1859 2973 2200 3025 discentibus
2228 2972 2559 3026 redderetur

402 3038 716 3091 familiaris.
727 3040 884 3092 Mira
893 3040 1173 3094 breuitate
1185 3058 1287 3106 per
1296 3043 1449 3107 leges
1458 3045 1697 3108 Logicas
1708 3042 2364 3108 dissefflsHeterogeneis
2374 3043 2558 3096 multo

402 3107 571 3171 plura
595 3111 656 3159 in
683 3124 814 3160 eam
840 3113 1075 3171 conieci,
1103 3128 1281 3175 quam
1307 3116 1602 3166 continent
1627 3113 1894 3178 vulgares
1919 3113 2199 3177 Sphaerici
2219 3112 2270 3164 &
2289 3112 2557 3165 Theorici

402 3176 595 3228 libelli.
626 3178 907 3241 Impulsus
933 3180 1056 3231 sum
1083 3182 1156 3232 ad
1183 3197 1314 3233 eam
1340 3199 1462 3234 rem
1489 3184 1836 3235 acerbissimo
1862 3183 2077 3243 dolore,
2107 3182 2264 3247 quod
2292 3198 2414 3234 non
2440 3182 2556 3234 fine
2605 3197 2650 3231 4ο

401 3246 625 3298 summa
650 3248 1043 3313 indignatione
1066 3252 1339 3312 viderem,
1366 3255 1428 3303 in
1446 3254 1795 3317 AcademijS,
1821 3253 1917 3305 vbi
1942 3255 2205 3317 inprimis
2229 3251 2436 3304 florere
2462 3252 2555 3304 de-

400 3315 611 3368 bebant
636 3316 763 3369 haec
788 3318 983 3379 studia,
1011 3319 1158 3371 nihil
1183 3320 1300 3372 fere
1321 3322 1390 3373 de
1410 3322 1521 3374 hac
1540 3323 1680 3375 Arte
1706 3322 1966 3387 intelligi:
1994 3321 2556 3443 Calcullumtquidem

2232 3407 2302 3443 ru
2326 3407 2556 3443 enicum

2607 2500 2653 2600 *ὃ
