<?xml version="1.0" encoding="UTF-8"?>
<!DOCTYPE html PUBLIC "-//W3C//DTD XHTML 1.0 Transitional//EN"
    "http://www.w3.org/TR/xhtml1/DTD/xhtml1-transitional.dtd">
<html xmlns="http://www.w3.org/1999/xhtml" xml:lang="en" lang="en">
 <head>
  <title>
</title>
<meta http-equiv="Content-Type" content="text/html;charset=utf-8" />
  <meta name='ocr-system' content='tesseract 3.04.00' />
  <meta name='ocr-capabilities' content='ocr_page ocr_carea ocr_par ocr_line ocrx_word'/>
</head>
<body>
  <div class='ocr_page' id='page_1' title='image "./operaomniaedidit06brahuoft_0306.png"; bbox 0 0 2730 4212; ppageno 0'>
   <div class='ocr_carea' id='block_1_1' title="bbox 2679 0 2730 205">
    <p class='ocr_par' dir='ltr' id='par_1_1' title="bbox 2679 0 2730 205">
     <span class='ocr_line' id='line_1_1' title="bbox 2679 0 2730 205; baseline 0 4007"><span class='ocrx_word' id='word_1_1' title='bbox 2679 0 2730 205; x_wconf 95' lang='lat' dir='ltr'><strong> </strong></span> 
     </span>
    </p>
   </div>
   <div class='ocr_carea' id='block_1_2' title="bbox 395 315 2198 376">
    <p class='ocr_par' dir='ltr' id='par_1_2' title="bbox 395 315 2198 376">
     <span class='ocr_line' id='line_1_2' title="bbox 395 315 2198 376; baseline -0.004 0"><span class='ocrx_word' id='word_1_2' title='bbox 395 327 496 376; x_wconf 84' lang='lat'><strong>296</strong></span> <span class='ocrx_word' id='word_1_3' title='bbox 741 317 1339 372; x_wconf 87' lang='lat' dir='ltr'><strong>EPISTOLARUM</strong></span> <span class='ocrx_word' id='word_1_4' title='bbox 1365 315 2198 370; x_wconf 89' lang='lat' dir='ltr'><strong>ASTRONOMICARUM</strong></span> 
     </span>
    </p>
   </div>
   <div class='ocr_carea' id='block_1_3' title="bbox 440 451 2676 753">
    <p class='ocr_par' dir='ltr' id='par_1_3' title="bbox 440 451 2676 753">
     <span class='ocr_line' id='line_1_3' title="bbox 444 451 2676 537; baseline -0.002 -8"><span class='ocrx_word' id='word_1_5' title='bbox 444 452 1247 529; x_wconf 90' lang='lat' dir='ltr'><strong>ILLVSTRISSIMO</strong></span> <span class='ocrx_word' id='word_1_6' title='bbox 1290 452 1764 523; x_wconf 93' lang='lat' dir='ltr'><strong>PRINCIPI</strong></span> <span class='ocrx_word' id='word_1_7' title='bbox 1803 451 1951 523; x_wconf 89' lang='lat' dir='ltr'><strong>AC</strong></span> <span class='ocrx_word' id='word_1_8' title='bbox 1994 451 2491 537; x_wconf 91' lang='lat' dir='ltr'><strong>DOMINO,</strong></span> <span class='ocrx_word' id='word_1_9' title='bbox 2554 481 2676 524; x_wconf 66' lang='lat' dir='ltr'><strong>ms</strong></span> 
     </span>
     <span class='ocr_line' id='line_1_4' title="bbox 440 546 2494 607; baseline -0.002 -4"><span class='ocrx_word' id='word_1_10' title='bbox 440 551 766 603; x_wconf 81' lang='lat' dir='ltr'>DOMINO</span> <span class='ocrx_word' id='word_1_11' title='bbox 786 547 1244 606; x_wconf 87' lang='lat' dir='ltr'><strong>WILHELMO,</strong></span> <span class='ocrx_word' id='word_1_12' title='bbox 1272 546 1840 598; x_wconf 81' lang='lat' dir='ltr'><strong>LANDTGRAVIO</strong></span> <span class='ocrx_word' id='word_1_13' title='bbox 1865 546 2186 607; x_wconf 82' lang='lat' dir='ltr'><strong>HAss1AE,</strong></span> <span class='ocrx_word' id='word_1_14' title='bbox 2212 547 2494 599; x_wconf 89' lang='lat' dir='ltr'><strong>COMITI</strong></span> 
     </span>
     <span class='ocr_line' id='line_1_5' title="bbox 597 623 2335 683; baseline -0.002 -4"><span class='ocrx_word' id='word_1_15' title='bbox 597 629 679 678; x_wconf 88' lang='lat' dir='ltr'><strong>IN</strong></span> <span class='ocrx_word' id='word_1_16' title='bbox 708 624 1500 683; x_wconf 85' lang='lat' dir='ltr'><strong>CATZENELLEBOGEN,</strong></span> <span class='ocrx_word' id='word_1_17' title='bbox 1529 623 1776 682; x_wconf 89' lang='lat' dir='ltr'><strong>DIETZ‚</strong></span> <span class='ocrx_word' id='word_1_18' title='bbox 1803 624 2259 676; x_wconf 86' lang='lat' dir='ltr'>ZIGENHAIN</span> <span class='ocrx_word' id='word_1_19' title='bbox 2285 626 2335 676; x_wconf 72' lang='grc' dir='ltr'><strong>ει</strong></span> 
     </span>
     <span class='ocr_line' id='line_1_6' title="bbox 901 702 2031 753; baseline -0.001 0"><span class='ocrx_word' id='word_1_20' title='bbox 901 703 1183 753; x_wconf 85' lang='lat' dir='ltr'><strong>NIDDA:</strong></span> <span class='ocrx_word' id='word_1_21' title='bbox 1210 702 1539 753; x_wconf 86' lang='lat' dir='ltr'>PRINCIPI</span> <span class='ocrx_word' id='word_1_22' title='bbox 1565 702 1673 753; x_wconf 81' lang='lat' dir='ltr'><strong>Ac</strong></span> <span class='ocrx_word' id='word_1_23' title='bbox 1700 702 2031 753; x_wconf 82' lang='lat' dir='ltr'><strong>DOMINO</strong></span> 
     </span>
    </p>
   </div>
   <div class='ocr_carea' id='block_1_4' title="bbox 1134 779 2612 897">
    <p class='ocr_par' dir='ltr' id='par_1_4' title="bbox 1134 779 2612 897">
     <span class='ocr_line' id='line_1_7' title="bbox 1134 779 2612 897; baseline 0.006 -67"><span class='ocrx_word' id='word_1_24' title='bbox 1134 779 1793 897; x_wconf 54' lang='lat' dir='ltr'><strong>CLEMEgI&#39;gISSIMO.</strong></span> <span class='ocrx_word' id='word_1_25' title='bbox 2590 806 2612 839; x_wconf 88' lang='lat'>5</span> 
     </span>
    </p>
   </div>
   <div class='ocr_carea' id='block_1_5' title="bbox 649 934 2543 1077">
    <p class='ocr_par' dir='ltr' id='par_1_5' title="bbox 649 934 2543 1077">
     <span class='ocr_line' id='line_1_8' title="bbox 649 934 2543 1077; baseline 0.005 -93"><span class='ocrx_word' id='word_1_26' title='bbox 649 934 809 1077; x_wconf 30' lang='grc' dir='ltr'><em>ζὴ</em></span> <span class='ocrx_word' id='word_1_27' title='bbox 854 938 1382 990; x_wconf 91' lang='lat' dir='ltr'><strong>LLVSTRISSIME</strong></span> <span class='ocrx_word' id='word_1_28' title='bbox 1415 944 1469 989; x_wconf 90' lang='lat' dir='ltr'><strong>et</strong></span> <span class='ocrx_word' id='word_1_29' title='bbox 1499 938 1930 989; x_wconf 87' lang='lat' dir='ltr'><strong>Generofissime</strong></span> <span class='ocrx_word' id='word_1_30' title='bbox 1959 940 2244 1004; x_wconf 86' lang='lat' dir='ltr'><strong>Princeps,</strong></span> <span class='ocrx_word' id='word_1_31' title='bbox 2279 940 2543 992; x_wconf 93' lang='lat' dir='ltr'><strong>Clemen-</strong></span> 
     </span>
    </p>
   </div>
   <div class='ocr_carea' id='block_1_6' title="bbox 420 934 2546 1124">
    <p class='ocr_par' dir='ltr' id='par_1_6' title="bbox 420 934 2546 1124">
     <span class='ocr_line' id='line_1_9' title="bbox 420 934 2546 1124; baseline 0 -62"><span class='ocrx_word' id='word_1_32' title='bbox 420 934 583 1124; x_wconf 41' lang='grc' dir='ltr'><strong>ἐξῇ</strong></span> <span class='ocrx_word' id='word_1_33' title='bbox 666 976 810 1122; x_wconf 43' lang='lat'><strong>{922</strong></span> <span class='ocrx_word' id='word_1_34' title='bbox 852 1010 1045 1059; x_wconf 91' lang='lat' dir='ltr'><strong>tissime</strong></span> <span class='ocrx_word' id='word_1_35' title='bbox 1061 1008 1337 1066; x_wconf 92' lang='lat' dir='ltr'><strong>Domine;</strong></span> <span class='ocrx_word' id='word_1_36' title='bbox 1354 1008 1731 1058; x_wconf 89' lang='lat' dir='ltr'><strong>Intermittere</strong></span> <span class='ocrx_word' id='word_1_37' title='bbox 1746 1011 2004 1071; x_wconf 91' lang='lat' dir='ltr'><strong>nequiui,</strong></span> <span class='ocrx_word' id='word_1_38' title='bbox 2020 1012 2162 1072; x_wconf 93' lang='lat' dir='ltr'><strong>quin</strong></span> <span class='ocrx_word' id='word_1_39' title='bbox 2177 1009 2429 1062; x_wconf 90' lang='lat' dir='ltr'><strong>Celfit.T.</strong></span> <span class='ocrx_word' id='word_1_40' title='bbox 2445 1026 2546 1075; x_wconf 93' lang='lat' dir='ltr'><strong>per</strong></span> 
     </span>
    </p>
   </div>
   <div class='ocr_carea' id='block_1_7' title="bbox 391 906 841 1341">
    <p class='ocr_par' dir='ltr' id='par_1_7' title="bbox 391 906 841 1341">
     <span class='ocr_line' id='line_1_10' title="bbox 391 906 841 1341; baseline 0 -116"><span class='ocrx_word' id='word_1_41' title='bbox 391 906 431 1341; x_wconf 95' lang='lat' dir='ltr'><strong>   </strong></span> <span class='ocrx_word' id='word_1_42' title='bbox 583 906 841 1225; x_wconf 95' lang='lat' dir='ltr'><strong>   </strong></span> 
     </span>
    </p>
   </div>
   <div class='ocr_carea' id='block_1_8' title="bbox 416 1077 2637 1318">
    <p class='ocr_par' dir='ltr' id='par_1_8' title="bbox 416 1077 2637 1318">
     <span class='ocr_line' id='line_1_11' title="bbox 499 1077 2543 1141; baseline 0.003 -16"><span class='ocrx_word' id='word_1_43' title='bbox 499 1119 519 1132; x_wconf 50' lang='lat' dir='ltr'><em>s</em></span> <span class='ocrx_word' id='word_1_44' title='bbox 726 1118 735 1126; x_wconf 68' lang='lat'><strong>.</strong></span> <span class='ocrx_word' id='word_1_45' title='bbox 853 1078 1189 1141; x_wconf 85' lang='lat' dir='ltr'><strong>praesentem</strong></span> <span class='ocrx_word' id='word_1_46' title='bbox 1216 1077 1372 1127; x_wconf 92' lang='lat' dir='ltr'><strong>hunc</strong></span> <span class='ocrx_word' id='word_1_47' title='bbox 1393 1077 1467 1128; x_wconf 89' lang='lat' dir='ltr'><strong>ad</strong></span> <span class='ocrx_word' id='word_1_48' title='bbox 1486 1077 1755 1128; x_wconf 83' lang='lat' dir='ltr'>instantes</span> <span class='ocrx_word' id='word_1_49' title='bbox 1776 1078 2087 1129; x_wconf 93' lang='lat' dir='ltr'><strong>Nundinas</strong></span> <span class='ocrx_word' id='word_1_50' title='bbox 2107 1079 2543 1131; x_wconf 89' lang='lat' dir='ltr'><strong>Francofurten-</strong></span> 
     </span>
     <span class='ocr_line' id='line_1_12' title="bbox 416 1108 2637 1234; baseline 0.002 -37"><span class='ocrx_word' id='word_1_51' title='bbox 416 1108 579 1234; x_wconf 33' lang='lat' dir='ltr'><strong>³353*ss</strong></span> <span class='ocrx_word' id='word_1_52' title='bbox 636 1114 811 1221; x_wconf 45' lang='grc' dir='ltr'><strong>ξῗξῆᾷ</strong></span> <span class='ocrx_word' id='word_1_53' title='bbox 853 1148 936 1198; x_wconf 94' lang='lat' dir='ltr'><strong>ses</strong></span> <span class='ocrx_word' id='word_1_54' title='bbox 959 1154 1382 1210; x_wconf 84' lang='lat' dir='ltr'>properantem,</span> <span class='ocrx_word' id='word_1_55' title='bbox 1410 1146 1553 1205; x_wconf 85' lang='lat' dir='ltr'><strong>haec,</strong></span> <span class='ocrx_word' id='word_1_56' title='bbox 1581 1162 1714 1209; x_wconf 87' lang='lat' dir='ltr'><strong>quae</strong></span> <span class='ocrx_word' id='word_1_57' title='bbox 1739 1155 2125 1208; x_wconf 91' lang='lat' dir='ltr'><strong>occurrerunt,</strong></span> <span class='ocrx_word' id='word_1_58' title='bbox 2152 1148 2543 1213; x_wconf 88' lang='lat' dir='ltr'><strong>fignificarem.</strong></span> <span class='ocrx_word' id='word_1_59' title='bbox 2597 1167 2637 1202; x_wconf 91' lang='lat'><strong>10</strong></span> 
     </span>
     <span class='ocr_line' id='line_1_13' title="bbox 423 1192 2544 1318; baseline 0.002 -52"><span class='ocrx_word' id='word_1_60' title='bbox 423 1192 542 1281; x_wconf 53' lang='grc' dir='ltr'><strong>(““ο«</strong></span> <span class='ocrx_word' id='word_1_61' title='bbox 563 1221 573 1275; x_wconf 77' lang='grc'><strong>’,’</strong></span> <span class='ocrx_word' id='word_1_62' title='bbox 637 1205 800 1296; x_wconf 39' lang='lat' dir='ltr'><strong>,QZ</strong></span> <span class='ocrx_word' id='word_1_63' title='bbox 823 1231 827 1318; x_wconf 53' lang='grc' dir='ltr'>ἱ</span> <span class='ocrx_word' id='word_1_64' title='bbox 924 1218 991 1267; x_wconf 92' lang='lat' dir='ltr'><strong>Et</strong></span> <span class='ocrx_word' id='word_1_65' title='bbox 1020 1219 1288 1279; x_wconf 94' lang='lat' dir='ltr'><strong>primum,</strong></span> <span class='ocrx_word' id='word_1_66' title='bbox 1323 1216 1479 1279; x_wconf 95' lang='lat' dir='ltr'><strong>quod</strong></span> <span class='ocrx_word' id='word_1_67' title='bbox 1509 1216 1560 1266; x_wconf 99' lang='grc'><strong>8(</strong></span> <span class='ocrx_word' id='word_1_68' title='bbox 1588 1216 1760 1267; x_wconf 92' lang='lat' dir='ltr'>Alces</span> <span class='ocrx_word' id='word_1_69' title='bbox 1791 1216 1884 1279; x_wconf 92' lang='lat' dir='ltr'><strong>(de</strong></span> <span class='ocrx_word' id='word_1_70' title='bbox 1913 1218 2122 1280; x_wconf 92' lang='lat' dir='ltr'><strong>quibus</strong></span> <span class='ocrx_word' id='word_1_71' title='bbox 2150 1219 2544 1281; x_wconf 88' lang='lat' dir='ltr'><strong>procurandis,</strong></span> 
     </span>
    </p>
   </div>
   <div class='ocr_carea' id='block_1_9' title="bbox 392 1225 841 1343">
    <p class='ocr_par' dir='ltr' id='par_1_9' title="bbox 392 1225 841 1343">
     <span class='ocr_line' id='line_1_14' title="bbox 392 1225 841 1343; baseline -0.004 0"><span class='ocrx_word' id='word_1_72' title='bbox 392 1225 662 1343; x_wconf 95' lang='lat' dir='ltr'><strong>   </strong></span> <span class='ocrx_word' id='word_1_73' title='bbox 827 1275 841 1343; x_wconf 95' lang='lat' dir='ltr'><strong>   </strong></span> 
     </span>
    </p>
   </div>
   <div class='ocr_carea' id='block_1_10' title="bbox 385 1285 2639 3303">
    <p class='ocr_par' dir='ltr' id='par_1_10' title="bbox 853 1285 2545 1350">
     <span class='ocr_line' id='line_1_15' title="bbox 853 1285 2545 1350; baseline 0.003 -15"><span class='ocrx_word' id='word_1_74' title='bbox 853 1301 1061 1344; x_wconf 92' lang='lat' dir='ltr'><strong>meam,</strong></span> <span class='ocrx_word' id='word_1_75' title='bbox 1084 1292 1368 1348; x_wconf 93' lang='lat' dir='ltr'><strong>quantum</strong></span> <span class='ocrx_word' id='word_1_76' title='bbox 1381 1285 1507 1336; x_wconf 91' lang='lat' dir='ltr'><strong>fieri</strong></span> <span class='ocrx_word' id='word_1_77' title='bbox 1520 1287 1704 1349; x_wconf 89' lang='lat' dir='ltr'><strong>posset,</strong></span> <span class='ocrx_word' id='word_1_78' title='bbox 1726 1301 1965 1349; x_wconf 89' lang='lat' dir='ltr'>operam</span> <span class='ocrx_word' id='word_1_79' title='bbox 1980 1287 2196 1350; x_wconf 87' lang='lat' dir='ltr'>addixi)</span> <span class='ocrx_word' id='word_1_80' title='bbox 2211 1291 2426 1348; x_wconf 86' lang='lat' dir='ltr'><strong>attinet,</strong></span> <span class='ocrx_word' id='word_1_81' title='bbox 2448 1304 2545 1340; x_wconf 93' lang='lat' dir='ltr'><strong>eas</strong></span> 
     </span>
    </p>

    <p class='ocr_par' dir='ltr' id='par_1_11' title="bbox 388 1354 2636 1830">
     <span class='ocr_line' id='line_1_16' title="bbox 392 1354 2543 1422; baseline 0.002 -17"><span class='ocrx_word' id='word_1_82' title='bbox 392 1358 451 1405; x_wconf 95' lang='lat' dir='ltr'><strong>in</strong></span> <span class='ocrx_word' id='word_1_83' title='bbox 472 1355 758 1417; x_wconf 89' lang='lat' dir='ltr'>aliquibus</span> <span class='ocrx_word' id='word_1_84' title='bbox 773 1355 1085 1419; x_wconf 87' lang='lat' dir='ltr'><strong>Noruegiae</strong></span> <span class='ocrx_word' id='word_1_85' title='bbox 1100 1355 1312 1406; x_wconf 90' lang='lat' dir='ltr'>finibus</span> <span class='ocrx_word' id='word_1_86' title='bbox 1326 1354 1471 1405; x_wconf 89' lang='lat' dir='ltr'><strong>mihi</strong></span> <span class='ocrx_word' id='word_1_87' title='bbox 1488 1356 1779 1418; x_wconf 87' lang='lat' dir='ltr'><strong>promissas</strong></span> <span class='ocrx_word' id='word_1_88' title='bbox 1797 1359 1857 1407; x_wconf 95' lang='lat' dir='ltr'><strong>in</strong></span> <span class='ocrx_word' id='word_1_89' title='bbox 1873 1363 2145 1420; x_wconf 91' lang='lat' dir='ltr'><strong>promptu</strong></span> <span class='ocrx_word' id='word_1_90' title='bbox 2159 1359 2260 1408; x_wconf 89' lang='lat' dir='ltr'><strong>esse</strong></span> <span class='ocrx_word' id='word_1_91' title='bbox 2275 1361 2543 1422; x_wconf 93' lang='lat' dir='ltr'><strong>cognoui;</strong></span> 
     </span>
     <span class='ocr_line' id='line_1_17' title="bbox 390 1425 2544 1492; baseline 0.002 -18"><span class='ocrx_word' id='word_1_92' title='bbox 390 1440 592 1475; x_wconf 89' lang='lat' dir='ltr'><strong>verum</strong></span> <span class='ocrx_word' id='word_1_93' title='bbox 612 1439 743 1474; x_wconf 93' lang='lat' dir='ltr'><strong>cum</strong></span> <span class='ocrx_word' id='word_1_94' title='bbox 764 1425 1182 1488; x_wconf 90' lang='lat' dir='ltr'><strong>Nauigationes</strong></span> <span class='ocrx_word' id='word_1_95' title='bbox 1203 1426 1276 1476; x_wconf 96' lang='lat' dir='ltr'><strong>ob</strong></span> <span class='ocrx_word' id='word_1_96' title='bbox 1297 1425 1591 1489; x_wconf 89' lang='lat' dir='ltr'><strong>Hyemem</strong></span> <span class='ocrx_word' id='word_1_97' title='bbox 1616 1426 1880 1476; x_wconf 94' lang='lat' dir='ltr'><strong>nondum</strong></span> <span class='ocrx_word' id='word_1_98' title='bbox 1904 1425 2292 1490; x_wconf 85' lang='lat' dir='ltr'><strong>suscipiantur,</strong></span> <span class='ocrx_word' id='word_1_99' title='bbox 2318 1427 2544 1492; x_wconf 91' lang='lat' dir='ltr'><strong>respon·</strong></span> 
     </span>
     <span class='ocr_line' id='line_1_18' title="bbox 390 1493 2636 1560; baseline 0.003 -17"><span class='ocrx_word' id='word_1_100' title='bbox 390 1494 512 1544; x_wconf 95' lang='lat' dir='ltr'><strong>sum</strong></span> <span class='ocrx_word' id='word_1_101' title='bbox 532 1493 722 1544; x_wconf 91' lang='lat' dir='ltr'><strong>adhuc</strong></span> <span class='ocrx_word' id='word_1_102' title='bbox 743 1495 812 1543; x_wconf 77' lang='lat' dir='ltr'><strong>ea</strong></span> <span class='ocrx_word' id='word_1_103' title='bbox 832 1495 901 1544; x_wconf 92' lang='lat' dir='ltr'><strong>de</strong></span> <span class='ocrx_word' id='word_1_104' title='bbox 922 1510 982 1544; x_wconf 92' lang='lat' dir='ltr'><strong>re</strong></span> <span class='ocrx_word' id='word_1_105' title='bbox 1002 1501 1122 1545; x_wconf 93' lang='lat' dir='ltr'><strong>tam</strong></span> <span class='ocrx_word' id='word_1_106' title='bbox 1140 1495 1322 1545; x_wconf 91' lang='lat' dir='ltr'><strong>subito</strong></span> <span class='ocrx_word' id='word_1_107' title='bbox 1344 1494 1600 1546; x_wconf 91' lang='lat' dir='ltr'><strong>obtinere</strong></span> <span class='ocrx_word' id='word_1_108' title='bbox 1621 1510 1742 1546; x_wconf 96' lang='lat' dir='ltr'><strong>non</strong></span> <span class='ocrx_word' id='word_1_109' title='bbox 1761 1499 1939 1559; x_wconf 91' lang='lat' dir='ltr'><strong>potui.</strong></span> <span class='ocrx_word' id='word_1_110' title='bbox 1968 1496 2419 1560; x_wconf 90' lang='lat' dir='ltr'><strong>Quamprimum</strong></span> <span class='ocrx_word' id='word_1_111' title='bbox 2444 1513 2543 1549; x_wconf 93' lang='lat' dir='ltr'><strong>au·</strong></span> <span class='ocrx_word' id='word_1_112' title='bbox 2596 1514 2636 1548; x_wconf 73' lang='grc' dir='ltr'><strong>ιε</strong></span> 
     </span>
     <span class='ocr_line' id='line_1_19' title="bbox 390 1564 2544 1630; baseline 0.002 -17"><span class='ocrx_word' id='word_1_113' title='bbox 390 1570 504 1614; x_wconf 89' lang='lat' dir='ltr'><strong>tem</strong></span> <span class='ocrx_word' id='word_1_114' title='bbox 520 1579 721 1614; x_wconf 93' lang='lat' dir='ltr'><strong>eorum</strong></span> <span class='ocrx_word' id='word_1_115' title='bbox 736 1564 1079 1614; x_wconf 93' lang='lat' dir='ltr'><strong>animalium</strong></span> <span class='ocrx_word' id='word_1_116' title='bbox 1093 1579 1291 1623; x_wconf 91' lang='lat' dir='ltr'><strong>vnum,</strong></span> <span class='ocrx_word' id='word_1_117' title='bbox 1313 1571 1413 1615; x_wconf 90' lang='lat' dir='ltr'><strong>aut</strong></span> <span class='ocrx_word' id='word_1_118' title='bbox 1427 1564 1596 1628; x_wconf 93' lang='lat' dir='ltr'><strong>plura</strong></span> <span class='ocrx_word' id='word_1_119' title='bbox 1610 1565 1684 1615; x_wconf 93' lang='lat' dir='ltr'><strong>ad</strong></span> <span class='ocrx_word' id='word_1_120' title='bbox 1696 1580 1791 1616; x_wconf 93' lang='lat' dir='ltr'><strong>me</strong></span> <span class='ocrx_word' id='word_1_121' title='bbox 1804 1568 2187 1628; x_wconf 88' lang='lat' dir='ltr'><strong>pervenerint,</strong></span> <span class='ocrx_word' id='word_1_122' title='bbox 2207 1573 2377 1630; x_wconf 95' lang='lat' dir='ltr'><strong>prout</strong></span> <span class='ocrx_word' id='word_1_123' title='bbox 2396 1567 2544 1618; x_wconf 86' lang='lat' dir='ltr'><strong>futu-</strong></span> 
     </span>
     <span class='ocr_line' id='line_1_20' title="bbox 389 1633 2546 1699; baseline 0.002 -17"><span class='ocrx_word' id='word_1_124' title='bbox 389 1649 518 1683; x_wconf 95' lang='lat' dir='ltr'><strong>rum</strong></span> <span class='ocrx_word' id='word_1_125' title='bbox 531 1633 707 1696; x_wconf 83' lang='lat' dir='ltr'><strong>spem,</strong></span> <span class='ocrx_word' id='word_1_126' title='bbox 724 1633 789 1684; x_wconf 93' lang='lat' dir='ltr'><strong>C.</strong></span> <span class='ocrx_word' id='word_1_127' title='bbox 801 1633 864 1683; x_wconf 93' lang='lat' dir='ltr'><strong>T.</strong></span> <span class='ocrx_word' id='word_1_128' title='bbox 881 1634 937 1684; x_wconf 96' lang='lat' dir='ltr'><strong>id</strong></span> <span class='ocrx_word' id='word_1_129' title='bbox 953 1634 1338 1694; x_wconf 92' lang='lat' dir='ltr'><strong>annunciab0,</strong></span> <span class='ocrx_word' id='word_1_130' title='bbox 1360 1640 1418 1684; x_wconf 91' lang='lat' dir='ltr'><strong>vt</strong></span> <span class='ocrx_word' id='word_1_131' title='bbox 1434 1649 1537 1697; x_wconf 92' lang='lat' dir='ltr'><strong>per</strong></span> <span class='ocrx_word' id='word_1_132' title='bbox 1552 1634 1617 1686; x_wconf 96' lang='lat' dir='ltr'><strong>C.</strong></span> <span class='ocrx_word' id='word_1_133' title='bbox 1632 1634 1696 1685; x_wconf 94' lang='lat' dir='ltr'><strong>T.</strong></span> <span class='ocrx_word' id='word_1_134' title='bbox 1712 1638 2011 1698; x_wconf 93' lang='lat' dir='ltr'><strong>proprium</strong></span> <span class='ocrx_word' id='word_1_135' title='bbox 2025 1639 2306 1688; x_wconf 92' lang='lat' dir='ltr'><strong>nuncium</strong></span> <span class='ocrx_word' id='word_1_136' title='bbox 2327 1636 2389 1699; x_wconf 86' lang='lat' dir='ltr'><strong>(fi</strong></span> <span class='ocrx_word' id='word_1_137' title='bbox 2401 1636 2546 1687; x_wconf 91' lang='lat' dir='ltr'><strong>mihi</strong></span> 
     </span>
     <span class='ocr_line' id='line_1_21' title="bbox 388 1702 2544 1769; baseline 0.003 -17"><span class='ocrx_word' id='word_1_138' title='bbox 388 1702 487 1765; x_wconf 84' lang='lat' dir='ltr'><strong>ipsi</strong></span> <span class='ocrx_word' id='word_1_139' title='bbox 508 1705 865 1765; x_wconf 87' lang='lat' dir='ltr'><strong>oportunitas</strong></span> <span class='ocrx_word' id='word_1_140' title='bbox 885 1703 1048 1753; x_wconf 93' lang='lat' dir='ltr'><strong>nulla</strong></span> <span class='ocrx_word' id='word_1_141' title='bbox 1067 1704 1141 1754; x_wconf 95' lang='lat' dir='ltr'><strong>ad</strong></span> <span class='ocrx_word' id='word_1_142' title='bbox 1167 1702 1278 1754; x_wconf 92' lang='lat' dir='ltr'><strong>hoc</strong></span> <span class='ocrx_word' id='word_1_143' title='bbox 1300 1704 1725 1766; x_wconf 87' lang='lat' dir='ltr'><strong>expediendum</strong></span> <span class='ocrx_word' id='word_1_144' title='bbox 1744 1704 1798 1755; x_wconf 89' lang='lat' dir='ltr'><strong>se</strong></span> <span class='ocrx_word' id='word_1_145' title='bbox 1819 1705 2107 1768; x_wconf 92' lang='lat' dir='ltr'><strong>obtulerit)</strong></span> <span class='ocrx_word' id='word_1_146' title='bbox 2135 1709 2234 1769; x_wconf 93' lang='lat' dir='ltr'><strong>qui</strong></span> <span class='ocrx_word' id='word_1_147' title='bbox 2253 1709 2378 1757; x_wconf 90' lang='lat' dir='ltr'><strong>vias</strong></span> <span class='ocrx_word' id='word_1_148' title='bbox 2398 1706 2446 1757; x_wconf 91' lang='grc'><strong>8(</strong></span> <span class='ocrx_word' id='word_1_149' title='bbox 2467 1706 2544 1757; x_wconf 89' lang='lat' dir='ltr'><strong>se-</strong></span> 
     </span>
     <span class='ocr_line' id='line_1_22' title="bbox 388 1772 1649 1830; baseline 0.002 -9"><span class='ocrx_word' id='word_1_150' title='bbox 388 1775 555 1823; x_wconf 90' lang='lat' dir='ltr'><strong>mitas</strong></span> <span class='ocrx_word' id='word_1_151' title='bbox 576 1775 740 1830; x_wconf 92' lang='lat' dir='ltr'><strong>norit,</strong></span> <span class='ocrx_word' id='word_1_152' title='bbox 762 1772 896 1823; x_wconf 91' lang='lat' dir='ltr'><strong>hinc</strong></span> <span class='ocrx_word' id='word_1_153' title='bbox 918 1775 979 1823; x_wconf 95' lang='lat' dir='ltr'><strong>in</strong></span> <span class='ocrx_word' id='word_1_154' title='bbox 999 1773 1256 1823; x_wconf 89' lang='lat' dir='ltr'><strong>Hassiam</strong></span> <span class='ocrx_word' id='word_1_155' title='bbox 1277 1774 1649 1824; x_wconf 90' lang='lat' dir='ltr'><strong>deducantur.</strong></span> 
     </span>
    </p>

    <p class='ocr_par' dir='ltr' id='par_1_12' title="bbox 385 1841 2639 3234">
     <span class='ocr_line' id='line_1_23' title="bbox 457 1841 2638 1905; baseline 0.003 -14"><span class='ocrx_word' id='word_1_156' title='bbox 457 1842 549 1891; x_wconf 89' lang='lat' dir='ltr'><strong>Ad</strong></span> <span class='ocrx_word' id='word_1_157' title='bbox 571 1842 635 1893; x_wconf 93' lang='lat' dir='ltr'><strong>C.</strong></span> <span class='ocrx_word' id='word_1_158' title='bbox 651 1841 713 1892; x_wconf 92' lang='lat' dir='ltr'><strong>T.</strong></span> <span class='ocrx_word' id='word_1_159' title='bbox 736 1841 1220 1893; x_wconf 91' lang='lat' dir='ltr'><strong>Mathematicum</strong></span> <span class='ocrx_word' id='word_1_160' title='bbox 1240 1843 1834 1895; x_wconf 91' lang='lat' dir='ltr'><strong>ROTHMANNVM</strong></span> <span class='ocrx_word' id='word_1_161' title='bbox 1855 1846 1916 1895; x_wconf 96' lang='lat' dir='ltr'><strong>in</strong></span> <span class='ocrx_word' id='word_1_162' title='bbox 1937 1860 2174 1896; x_wconf 93' lang='lat' dir='ltr'><strong>omnem</strong></span> <span class='ocrx_word' id='word_1_163' title='bbox 2194 1851 2486 1905; x_wconf 89' lang='lat' dir='ltr'><strong>euentum,</strong></span> <span class='ocrx_word' id='word_1_164' title='bbox 2506 1845 2546 1896; x_wconf 83' lang='lat' dir='ltr'><strong>si</strong></span> <span class='ocrx_word' id='word_1_165' title='bbox 2592 1862 2638 1896; x_wconf 89' lang='lat'><strong>20</strong></span> 
     </span>
     <span class='ocr_line' id='line_1_24' title="bbox 387 1911 2546 1974; baseline 0.002 -13"><span class='ocrx_word' id='word_1_166' title='bbox 387 1911 531 1961; x_wconf 88' lang='lat' dir='ltr'><strong>forte</strong></span> <span class='ocrx_word' id='word_1_167' title='bbox 557 1912 629 1962; x_wconf 93' lang='lat' dir='ltr'><strong>ad</strong></span> <span class='ocrx_word' id='word_1_168' title='bbox 658 1912 721 1962; x_wconf 93' lang='lat' dir='ltr'><strong>C.</strong></span> <span class='ocrx_word' id='word_1_169' title='bbox 743 1911 806 1962; x_wconf 91' lang='lat' dir='ltr'><strong>T.</strong></span> <span class='ocrx_word' id='word_1_170' title='bbox 833 1912 1094 1963; x_wconf 92' lang='lat' dir='ltr'><strong>reuersus</strong></span> <span class='ocrx_word' id='word_1_171' title='bbox 1120 1912 1196 1971; x_wconf 89' lang='lat' dir='ltr'><strong>fit,</strong></span> <span class='ocrx_word' id='word_1_172' title='bbox 1228 1911 1527 1964; x_wconf 67' lang='lat' dir='ltr'><strong>adiundtas</strong></span> <span class='ocrx_word' id='word_1_173' title='bbox 1552 1913 1745 1965; x_wconf 91' lang='lat' dir='ltr'><strong>literas</strong></span> <span class='ocrx_word' id='word_1_174' title='bbox 1771 1914 1975 1974; x_wconf 89' lang='lat' dir='ltr'><strong>direxi;</strong></span> <span class='ocrx_word' id='word_1_175' title='bbox 2005 1914 2087 1965; x_wconf 87' lang='lat' dir='ltr'><strong>fin</strong></span> <span class='ocrx_word' id='word_1_176' title='bbox 2115 1930 2253 1966; x_wconf 93' lang='lat' dir='ltr'><strong>vero</strong></span> <span class='ocrx_word' id='word_1_177' title='bbox 2282 1915 2546 1966; x_wconf 93' lang='lat' dir='ltr'><strong>nondum</strong></span> 
     </span>
     <span class='ocr_line' id='line_1_25' title="bbox 388 1981 2546 2048; baseline 0.002 -17"><span class='ocrx_word' id='word_1_178' title='bbox 388 1982 678 2041; x_wconf 87' lang='lat' dir='ltr'><strong>accesserit,</strong></span> <span class='ocrx_word' id='word_1_179' title='bbox 711 1984 915 2044; x_wconf 92' lang='lat' dir='ltr'><strong>poterit</strong></span> <span class='ocrx_word' id='word_1_180' title='bbox 945 1982 1009 2033; x_wconf 91' lang='lat' dir='ltr'><strong>C.</strong></span> <span class='ocrx_word' id='word_1_181' title='bbox 1037 1981 1101 2033; x_wconf 94' lang='lat' dir='ltr'><strong>T.</strong></span> <span class='ocrx_word' id='word_1_182' title='bbox 1132 1998 1333 2033; x_wconf 90' lang='lat' dir='ltr'><strong>curare</strong></span> <span class='ocrx_word' id='word_1_183' title='bbox 1364 1982 1673 2045; x_wconf 90' lang='lat' dir='ltr'><strong>Epistolam</strong></span> <span class='ocrx_word' id='word_1_184' title='bbox 1703 1983 1865 2034; x_wconf 96' lang='lat' dir='ltr'><strong>illam</strong></span> <span class='ocrx_word' id='word_1_185' title='bbox 1894 2000 1996 2048; x_wconf 91' lang='lat' dir='ltr'><strong>per</strong></span> <span class='ocrx_word' id='word_1_186' title='bbox 2023 1984 2206 2036; x_wconf 93' lang='lat' dir='ltr'><strong>alium</strong></span> <span class='ocrx_word' id='word_1_187' title='bbox 2234 1987 2459 2048; x_wconf 90' lang='lat' dir='ltr'><strong>aperiri,</strong></span> <span class='ocrx_word' id='word_1_188' title='bbox 2488 1991 2546 2036; x_wconf 90' lang='lat' dir='ltr'><strong>vt</strong></span> 
     </span>
     <span class='ocr_line' id='line_1_26' title="bbox 389 2051 2545 2116; baseline 0.003 -16"><span class='ocrx_word' id='word_1_189' title='bbox 389 2058 656 2101; x_wconf 91' lang='lat' dir='ltr'><strong>contenta</strong></span> <span class='ocrx_word' id='word_1_190' title='bbox 676 2054 799 2101; x_wconf 93' lang='lat' dir='ltr'><strong>eius</strong></span> <span class='ocrx_word' id='word_1_191' title='bbox 819 2051 1243 2115; x_wconf 84' lang='lat' dir='ltr'><strong>perspiciantur.</strong></span> <span class='ocrx_word' id='word_1_192' title='bbox 1265 2052 1631 2116; x_wconf 87' lang='lat' dir='ltr'><strong>Praecipuum</strong></span> <span class='ocrx_word' id='word_1_193' title='bbox 1647 2055 1710 2103; x_wconf 94' lang='lat' dir='ltr'><strong>in</strong></span> <span class='ocrx_word' id='word_1_194' title='bbox 1727 2055 1798 2104; x_wconf 75' lang='lat' dir='ltr'><strong>ea</strong></span> <span class='ocrx_word' id='word_1_195' title='bbox 1813 2053 1925 2104; x_wconf 93' lang='lat' dir='ltr'><strong>hoc</strong></span> <span class='ocrx_word' id='word_1_196' title='bbox 1943 2054 2037 2113; x_wconf 86' lang='lat' dir='ltr'><strong>est;</strong></span> <span class='ocrx_word' id='word_1_197' title='bbox 2058 2054 2098 2104; x_wconf 90' lang='lat' dir='ltr'>fi</span> <span class='ocrx_word' id='word_1_198' title='bbox 2115 2053 2545 2106; x_wconf 91' lang='lat' dir='ltr'><strong>ROTHMAN-</strong></span> 
     </span>
     <span class='ocr_line' id='line_1_27' title="bbox 389 2120 2544 2188; baseline 0.002 -18"><span class='ocrx_word' id='word_1_199' title='bbox 389 2120 539 2171; x_wconf 95' lang='lat' dir='ltr'><strong>NVS</strong></span> <span class='ocrx_word' id='word_1_200' title='bbox 564 2123 824 2183; x_wconf 88' lang='lat' dir='ltr'><strong>proxime</strong></span> <span class='ocrx_word' id='word_1_201' title='bbox 850 2121 948 2172; x_wconf 94' lang='lat' dir='ltr'><strong>sub</strong></span> <span class='ocrx_word' id='word_1_202' title='bbox 975 2121 1154 2172; x_wconf 92' lang='lat' dir='ltr'><strong>finem</strong></span> <span class='ocrx_word' id='word_1_203' title='bbox 1180 2122 1517 2173; x_wconf 93' lang='lat' dir='ltr'><strong>Decembris</strong></span> <span class='ocrx_word' id='word_1_204' title='bbox 1542 2122 1752 2175; x_wconf 67' lang='lat' dir='ltr'><strong>fadtam</strong></span> <span class='ocrx_word' id='word_1_205' title='bbox 1778 2123 2023 2188; x_wconf 88' lang='lat' dir='ltr'><strong>Eclipfin</strong></span> <span class='ocrx_word' id='word_1_206' title='bbox 2045 2124 2246 2183; x_wconf 88' lang='lat' dir='ltr'><strong>Lunae,</strong></span> <span class='ocrx_word' id='word_1_207' title='bbox 2272 2139 2374 2188; x_wconf 95' lang='lat' dir='ltr'><strong>per</strong></span> <span class='ocrx_word' id='word_1_208' title='bbox 2394 2124 2460 2176; x_wconf 93' lang='lat' dir='ltr'><strong>C.</strong></span> <span class='ocrx_word' id='word_1_209' title='bbox 2481 2122 2544 2175; x_wconf 91' lang='lat' dir='ltr'><strong>T.</strong></span> 
     </span>
     <span class='ocr_line' id='line_1_28' title="bbox 388 2190 2637 2258; baseline 0.002 -18"><span class='ocrx_word' id='word_1_210' title='bbox 388 2190 777 2250; x_wconf 83' lang='lat' dir='ltr'><strong>Instrumenta,</strong></span> <span class='ocrx_word' id='word_1_211' title='bbox 812 2192 1005 2254; x_wconf 94' lang='lat' dir='ltr'><strong>quoad</strong></span> <span class='ocrx_word' id='word_1_212' title='bbox 1038 2194 1238 2243; x_wconf 94' lang='lat' dir='ltr'><strong>omnia</strong></span> <span class='ocrx_word' id='word_1_213' title='bbox 1268 2192 1369 2244; x_wconf 92' lang='lat' dir='ltr'><strong>sua</strong></span> <span class='ocrx_word' id='word_1_214' title='bbox 1399 2199 1698 2244; x_wconf 91' lang='lat' dir='ltr'><strong>momenta</strong></span> <span class='ocrx_word' id='word_1_215' title='bbox 1727 2193 1778 2244; x_wconf 94' lang='grc'><strong>8(</strong></span> <span class='ocrx_word' id='word_1_216' title='bbox 1806 2193 1923 2245; x_wconf 91' lang='lat' dir='ltr'><strong>alia</strong></span> <span class='ocrx_word' id='word_1_217' title='bbox 1954 2193 2220 2257; x_wconf 81' lang='lat' dir='ltr'><strong>requisita</strong></span> <span class='ocrx_word' id='word_1_218' title='bbox 2251 2193 2548 2258; x_wconf 92' lang='lat' dir='ltr'><strong>diligenter</strong></span> <span class='ocrx_word' id='word_1_219' title='bbox 2594 2210 2637 2244; x_wconf 86' lang='lat'><strong>25</strong></span> 
     </span>
     <span class='ocr_line' id='line_1_29' title="bbox 388 2260 2546 2320; baseline 0.002 -11"><span class='ocrx_word' id='word_1_220' title='bbox 388 2260 685 2320; x_wconf 89' lang='lat' dir='ltr'><strong>denotarit,</strong></span> <span class='ocrx_word' id='word_1_221' title='bbox 706 2267 764 2311; x_wconf 91' lang='lat' dir='ltr'><strong>vt</strong></span> <span class='ocrx_word' id='word_1_222' title='bbox 785 2260 1231 2312; x_wconf 92' lang='lat' dir='ltr'><strong>Obseruationes</strong></span> <span class='ocrx_word' id='word_1_223' title='bbox 1256 2262 1371 2313; x_wconf 83' lang='lat' dir='ltr'><strong>istae</strong></span> <span class='ocrx_word' id='word_1_224' title='bbox 1396 2278 1628 2313; x_wconf 89' lang='lat' dir='ltr'><strong>mecum</strong></span> <span class='ocrx_word' id='word_1_225' title='bbox 1655 2266 2170 2315; x_wconf 92' lang='lat' dir='ltr'><strong>communicentur.</strong></span> <span class='ocrx_word' id='word_1_226' title='bbox 2198 2264 2266 2314; x_wconf 92' lang='lat' dir='ltr'><strong>Et</strong></span> <span class='ocrx_word' id='word_1_227' title='bbox 2291 2263 2421 2315; x_wconf 91' lang='lat' dir='ltr'><strong>licet</strong></span> <span class='ocrx_word' id='word_1_228' title='bbox 2445 2263 2546 2314; x_wconf 94' lang='lat' dir='ltr'><strong>illo</strong></span> 
     </span>
     <span class='ocr_line' id='line_1_30' title="bbox 386 2331 2546 2397; baseline 0.002 -18"><span class='ocrx_word' id='word_1_229' title='bbox 386 2336 642 2392; x_wconf 92' lang='lat' dir='ltr'><strong>tempore</strong></span> <span class='ocrx_word' id='word_1_230' title='bbox 661 2333 902 2381; x_wconf 92' lang='lat' dir='ltr'><strong>omnino</strong></span> <span class='ocrx_word' id='word_1_231' title='bbox 922 2331 1017 2382; x_wconf 82' lang='lat' dir='ltr'><strong>hic</strong></span> <span class='ocrx_word' id='word_1_232' title='bbox 1037 2331 1200 2383; x_wconf 92' lang='lat' dir='ltr'><strong>nulla</strong></span> <span class='ocrx_word' id='word_1_233' title='bbox 1219 2332 1389 2383; x_wconf 90' lang='lat' dir='ltr'><strong>fuerit</strong></span> <span class='ocrx_word' id='word_1_234' title='bbox 1408 2332 1696 2393; x_wconf 86' lang='lat' dir='ltr'><strong>serenitas,</strong></span> <span class='ocrx_word' id='word_1_235' title='bbox 1718 2348 1835 2396; x_wconf 95' lang='lat' dir='ltr'><strong>quo</strong></span> <span class='ocrx_word' id='word_1_236' title='bbox 1854 2331 2127 2396; x_wconf 70' lang='lat' dir='ltr'><strong>praedicta</strong></span> <span class='ocrx_word' id='word_1_237' title='bbox 2140 2333 2370 2397; x_wconf 88' lang='lat' dir='ltr'><strong>Eclipfis</strong></span> <span class='ocrx_word' id='word_1_238' title='bbox 2390 2348 2427 2384; x_wconf 94' lang='lat' dir='ltr'><strong>a</strong></span> <span class='ocrx_word' id='word_1_239' title='bbox 2445 2348 2546 2384; x_wconf 94' lang='lat' dir='ltr'><strong>no-</strong></span> 
     </span>
     <span class='ocr_line' id='line_1_31' title="bbox 386 2399 2547 2466; baseline 0.002 -17"><span class='ocrx_word' id='word_1_240' title='bbox 386 2399 471 2449; x_wconf 92' lang='lat' dir='ltr'><strong>bis</strong></span> <span class='ocrx_word' id='word_1_241' title='bbox 487 2399 776 2451; x_wconf 89' lang='lat' dir='ltr'><strong>obseruari</strong></span> <span class='ocrx_word' id='word_1_242' title='bbox 789 2402 960 2464; x_wconf 86' lang='lat' dir='ltr'><strong>possit,</strong></span> <span class='ocrx_word' id='word_1_243' title='bbox 980 2407 1175 2452; x_wconf 92' lang='lat' dir='ltr'><strong>tamen</strong></span> <span class='ocrx_word' id='word_1_244' title='bbox 1188 2408 1415 2453; x_wconf 93' lang='lat' dir='ltr'><strong>motum</strong></span> <span class='ocrx_word' id='word_1_245' title='bbox 1429 2402 1613 2453; x_wconf 86' lang='lat' dir='ltr'><strong>Lunae</strong></span> <span class='ocrx_word' id='word_1_246' title='bbox 1626 2418 1728 2466; x_wconf 93' lang='lat' dir='ltr'><strong>per</strong></span> <span class='ocrx_word' id='word_1_247' title='bbox 1742 2403 2086 2466; x_wconf 92' lang='lat' dir='ltr'><strong>multiplices</strong></span> <span class='ocrx_word' id='word_1_248' title='bbox 2102 2403 2547 2455; x_wconf 82' lang='lat' dir='ltr'><strong>obseruationes</strong></span> 
     </span>
     <span class='ocr_line' id='line_1_32' title="bbox 386 2471 2547 2534; baseline 0.003 -16"><span class='ocrx_word' id='word_1_249' title='bbox 386 2472 550 2519; x_wconf 91' lang='lat' dir='ltr'><strong>toties</strong></span> <span class='ocrx_word' id='word_1_250' title='bbox 576 2476 810 2533; x_wconf 92' lang='lat' dir='ltr'><strong>tamque</strong></span> <span class='ocrx_word' id='word_1_251' title='bbox 836 2471 935 2521; x_wconf 95' lang='lat' dir='ltr'><strong>diu</strong></span> <span class='ocrx_word' id='word_1_252' title='bbox 960 2471 1332 2534; x_wconf 87' lang='lat' dir='ltr'><strong>perquifitum</strong></span> <span class='ocrx_word' id='word_1_253' title='bbox 1352 2471 1558 2531; x_wconf 89' lang='lat' dir='ltr'><strong>habe0,</strong></span> <span class='ocrx_word' id='word_1_254' title='bbox 1578 2479 1638 2523; x_wconf 88' lang='lat' dir='ltr'><strong>vt</strong></span> <span class='ocrx_word' id='word_1_255' title='bbox 1658 2472 1949 2524; x_wconf 90' lang='lat' dir='ltr'><strong>confidam</strong></span> <span class='ocrx_word' id='word_1_256' title='bbox 1970 2488 2106 2524; x_wconf 91' lang='lat' dir='ltr'><strong>eum</strong></span> <span class='ocrx_word' id='word_1_257' title='bbox 2125 2475 2383 2524; x_wconf 91' lang='lat' dir='ltr'><strong>numeris</strong></span> <span class='ocrx_word' id='word_1_258' title='bbox 2402 2475 2547 2523; x_wconf 92' lang='lat' dir='ltr'><strong>meis</strong></span> 
     </span>
     <span class='ocr_line' id='line_1_33' title="bbox 385 2541 2639 2606; baseline 0.002 -18"><span class='ocrx_word' id='word_1_259' title='bbox 385 2541 621 2600; x_wconf 87' lang='lat' dir='ltr'><strong>praecise</strong></span> <span class='ocrx_word' id='word_1_260' title='bbox 643 2555 709 2590; x_wconf 93' lang='lat' dir='ltr'><strong>ac</strong></span> <span class='ocrx_word' id='word_1_261' title='bbox 730 2541 1064 2592; x_wconf 92' lang='lat' dir='ltr'><strong>omnimode</strong></span> <span class='ocrx_word' id='word_1_262' title='bbox 1085 2541 1503 2604; x_wconf 91' lang='lat' dir='ltr'><strong>responsurum,</strong></span> <span class='ocrx_word' id='word_1_263' title='bbox 1524 2545 1605 2593; x_wconf 92' lang='lat' dir='ltr'><strong>ita</strong></span> <span class='ocrx_word' id='word_1_264' title='bbox 1618 2549 1678 2593; x_wconf 90' lang='lat' dir='ltr'><strong>vt</strong></span> <span class='ocrx_word' id='word_1_265' title='bbox 1697 2542 1807 2594; x_wconf 92' lang='lat' dir='ltr'><strong>hac</strong></span> <span class='ocrx_word' id='word_1_266' title='bbox 1821 2545 2045 2594; x_wconf 91' lang='lat' dir='ltr'><strong>ratione</strong></span> <span class='ocrx_word' id='word_1_267' title='bbox 2062 2558 2164 2606; x_wconf 95' lang='lat' dir='ltr'><strong>per</strong></span> <span class='ocrx_word' id='word_1_268' title='bbox 2178 2542 2547 2594; x_wconf 90' lang='lat' dir='ltr'><strong>collationem</strong></span> <span class='ocrx_word' id='word_1_269' title='bbox 2594 2557 2639 2592; x_wconf 82' lang='lat'><strong>30</strong></span> 
     </span>
     <span class='ocr_line' id='line_1_34' title="bbox 387 2607 2547 2676; baseline 0.002 -19"><span class='ocrx_word' id='word_1_270' title='bbox 387 2607 817 2660; x_wconf 89' lang='lat' dir='ltr'><strong>Obseruationis</strong></span> <span class='ocrx_word' id='word_1_271' title='bbox 839 2610 952 2661; x_wconf 80' lang='lat' dir='ltr'><strong>istic</strong></span> <span class='ocrx_word' id='word_1_272' title='bbox 974 2609 1154 2671; x_wconf 68' lang='lat' dir='ltr'><strong>factae,</strong></span> <span class='ocrx_word' id='word_1_273' title='bbox 1179 2627 1312 2662; x_wconf 92' lang='lat' dir='ltr'><strong>cum</strong></span> <span class='ocrx_word' id='word_1_274' title='bbox 1332 2615 1736 2663; x_wconf 91' lang='lat' dir='ltr'><strong>numeratione</strong></span> <span class='ocrx_word' id='word_1_275' title='bbox 1752 2628 1782 2663; x_wconf 94' lang='lat' dir='ltr'><strong>e</strong></span> <span class='ocrx_word' id='word_1_276' title='bbox 1797 2615 2043 2676; x_wconf 91' lang='lat' dir='ltr'><strong>proprijs</strong></span> <span class='ocrx_word' id='word_1_277' title='bbox 2056 2612 2296 2664; x_wconf 92' lang='lat' dir='ltr'><strong>Tabulis</strong></span> <span class='ocrx_word' id='word_1_278' title='bbox 2309 2615 2371 2663; x_wconf 95' lang='lat' dir='ltr'><strong>in</strong></span> <span class='ocrx_word' id='word_1_279' title='bbox 2384 2618 2547 2662; x_wconf 91' lang='lat' dir='ltr'><strong>motu</strong></span> 
     </span>
     <span class='ocr_line' id='line_1_35' title="bbox 387 2678 2544 2746; baseline 0.003 -19"><span class='ocrx_word' id='word_1_280' title='bbox 387 2678 584 2736; x_wconf 84' lang='lat' dir='ltr'><strong>Luuae,</strong></span> <span class='ocrx_word' id='word_1_281' title='bbox 625 2678 1007 2731; x_wconf 83' lang='lat' dir='ltr'><strong>differentiam</strong></span> <span class='ocrx_word' id='word_1_282' title='bbox 1040 2681 1507 2732; x_wconf 92' lang='lat' dir='ltr'><strong>Meridianorum</strong></span> <span class='ocrx_word' id='word_1_283' title='bbox 1546 2682 1818 2745; x_wconf 82' lang='lat' dir='ltr'><strong>exquisite</strong></span> <span class='ocrx_word' id='word_1_284' title='bbox 1855 2682 1986 2733; x_wconf 93' lang='lat' dir='ltr'><strong>satis</strong></span> <span class='ocrx_word' id='word_1_285' title='bbox 2018 2682 2284 2746; x_wconf 89' lang='lat' dir='ltr'><strong>colligere</strong></span> <span class='ocrx_word' id='word_1_286' title='bbox 2316 2697 2544 2745; x_wconf 90' lang='lat' dir='ltr'><strong>queam.</strong></span> 
     </span>
     <span class='ocr_line' id='line_1_36' title="bbox 387 2747 2546 2815; baseline 0.002 -18"><span class='ocrx_word' id='word_1_287' title='bbox 387 2747 560 2808; x_wconf 91' lang='lat' dir='ltr'><strong>Quod</strong></span> <span class='ocrx_word' id='word_1_288' title='bbox 586 2748 625 2798; x_wconf 89' lang='lat' dir='ltr'>fi</span> <span class='ocrx_word' id='word_1_289' title='bbox 651 2756 846 2799; x_wconf 92' lang='lat' dir='ltr'><strong>autem</strong></span> <span class='ocrx_word' id='word_1_290' title='bbox 873 2749 1437 2802; x_wconf 85' lang='lat' dir='ltr'><strong>ROTHMANNVS</strong></span> <span class='ocrx_word' id='word_1_291' title='bbox 1462 2758 1600 2802; x_wconf 92' lang='lat' dir='ltr'><strong>tunc</strong></span> <span class='ocrx_word' id='word_1_292' title='bbox 1627 2755 1902 2815; x_wconf 93' lang='lat' dir='ltr'><strong>temporis</strong></span> <span class='ocrx_word' id='word_1_293' title='bbox 1931 2767 2053 2803; x_wconf 95' lang='lat' dir='ltr'><strong>non</strong></span> <span class='ocrx_word' id='word_1_294' title='bbox 2078 2751 2339 2810; x_wconf 87' lang='lat' dir='ltr'><strong>adfuerit,</strong></span> <span class='ocrx_word' id='word_1_295' title='bbox 2370 2751 2546 2802; x_wconf 77' lang='lat' dir='ltr'><strong>existi-</strong></span> 
     </span>
     <span class='ocr_line' id='line_1_37' title="bbox 385 2818 2546 2885; baseline 0.002 -19"><span class='ocrx_word' id='word_1_296' title='bbox 385 2832 540 2867; x_wconf 93' lang='lat' dir='ltr'><strong>mem</strong></span> <span class='ocrx_word' id='word_1_297' title='bbox 567 2833 671 2881; x_wconf 90' lang='lat' dir='ltr'><strong>ego</strong></span> <span class='ocrx_word' id='word_1_298' title='bbox 693 2818 757 2869; x_wconf 94' lang='lat' dir='ltr'><strong>C.</strong></span> <span class='ocrx_word' id='word_1_299' title='bbox 779 2818 843 2870; x_wconf 92' lang='lat' dir='ltr'><strong>T.</strong></span> <span class='ocrx_word' id='word_1_300' title='bbox 863 2820 1397 2884; x_wconf 87' lang='lat' dir='ltr'><strong>Automatopaeum,</strong></span> <span class='ocrx_word' id='word_1_301' title='bbox 1425 2828 1524 2872; x_wconf 91' lang='lat' dir='ltr'><strong>aut</strong></span> <span class='ocrx_word' id='word_1_302' title='bbox 1550 2821 1733 2873; x_wconf 92' lang='lat' dir='ltr'><strong>alium</strong></span> <span class='ocrx_word' id='word_1_303' title='bbox 1753 2824 2089 2885; x_wconf 89' lang='lat' dir='ltr'><strong>quempiam</strong></span> <span class='ocrx_word' id='word_1_304' title='bbox 2115 2821 2266 2873; x_wconf 93' lang='lat' dir='ltr'><strong>hanc</strong></span> <span class='ocrx_word' id='word_1_305' title='bbox 2287 2820 2546 2884; x_wconf 89' lang='lat' dir='ltr'><strong>Eclipfin,</strong></span> 
     </span>
     <span class='ocr_line' id='line_1_38' title="bbox 387 2886 2638 2955; baseline 0.002 -19"><span class='ocrx_word' id='word_1_306' title='bbox 387 2886 426 2935; x_wconf 87' lang='lat' dir='ltr'><strong>si</strong></span> <span class='ocrx_word' id='word_1_307' title='bbox 451 2887 626 2937; x_wconf 94' lang='lat' dir='ltr'><strong>modo</strong></span> <span class='ocrx_word' id='word_1_308' title='bbox 652 2887 916 2939; x_wconf 91' lang='lat' dir='ltr'><strong>serenum</strong></span> <span class='ocrx_word' id='word_1_309' title='bbox 942 2889 1020 2940; x_wconf 93' lang='lat' dir='ltr'><strong>ibi</strong></span> <span class='ocrx_word' id='word_1_310' title='bbox 1047 2890 1261 2941; x_wconf 92' lang='lat' dir='ltr'><strong>coelum</strong></span> <span class='ocrx_word' id='word_1_311' title='bbox 1286 2897 1411 2942; x_wconf 92' lang='lat' dir='ltr'><strong>tum</strong></span> <span class='ocrx_word' id='word_1_312' title='bbox 1437 2893 1696 2950; x_wconf 86' lang='lat' dir='ltr'><strong>extiterit,</strong></span> <span class='ocrx_word' id='word_1_313' title='bbox 1726 2907 1849 2942; x_wconf 95' lang='lat' dir='ltr'><strong>non</strong></span> <span class='ocrx_word' id='word_1_314' title='bbox 1878 2891 2196 2955; x_wconf 85' lang='lat' dir='ltr'><strong>neglexisse;</strong></span> <span class='ocrx_word' id='word_1_315' title='bbox 2226 2906 2344 2954; x_wconf 91' lang='lat' dir='ltr'><strong>quo</strong></span> <span class='ocrx_word' id='word_1_316' title='bbox 2373 2893 2548 2942; x_wconf 91' lang='lat' dir='ltr'><strong>etiam</strong></span> <span class='ocrx_word' id='word_1_317' title='bbox 2594 2906 2638 2940; x_wconf 87' lang='lat'><strong>35</strong></span> 
     </span>
     <span class='ocr_line' id='line_1_39' title="bbox 387 2955 2548 3024; baseline 0.003 -19"><span class='ocrx_word' id='word_1_318' title='bbox 387 2955 457 3006; x_wconf 88' lang='lat' dir='ltr'><strong>fic</strong></span> <span class='ocrx_word' id='word_1_319' title='bbox 486 2957 629 3006; x_wconf 93' lang='lat' dir='ltr'><strong>mihi</strong></span> <span class='ocrx_word' id='word_1_320' title='bbox 655 2957 1036 3009; x_wconf 92' lang='lat' dir='ltr'><strong>nihilominus</strong></span> <span class='ocrx_word' id='word_1_321' title='bbox 1063 2963 1187 3010; x_wconf 89' lang='lat' dir='ltr'><strong>eius</strong></span> <span class='ocrx_word' id='word_1_322' title='bbox 1213 2960 1514 3012; x_wconf 91' lang='lat' dir='ltr'><strong>obseruata</strong></span> <span class='ocrx_word' id='word_1_323' title='bbox 1540 2963 2054 3012; x_wconf 93' lang='lat' dir='ltr'><strong>communicentur.</strong></span> <span class='ocrx_word' id='word_1_324' title='bbox 2086 2961 2145 3012; x_wconf 95' lang='lat' dir='ltr'><strong>Si</strong></span> <span class='ocrx_word' id='word_1_325' title='bbox 2171 2975 2404 3024; x_wconf 91' lang='lat' dir='ltr'><strong>quoque</strong></span> <span class='ocrx_word' id='word_1_326' title='bbox 2431 2960 2548 3011; x_wconf 90' lang='lat' dir='ltr'><strong>alia</strong></span> 
     </span>
     <span class='ocr_line' id='line_1_40' title="bbox 388 3025 2548 3094; baseline 0.003 -20"><span class='ocrx_word' id='word_1_327' title='bbox 388 3025 570 3075; x_wconf 87' lang='lat' dir='ltr'><strong>Lunae</strong></span> <span class='ocrx_word' id='word_1_328' title='bbox 592 3027 846 3089; x_wconf 93' lang='lat' dir='ltr'><strong>deliquia</strong></span> <span class='ocrx_word' id='word_1_329' title='bbox 864 3029 1318 3090; x_wconf 89' lang='lat' dir='ltr'><strong>praecedentibus</strong></span> <span class='ocrx_word' id='word_1_330' title='bbox 1339 3030 1560 3093; x_wconf 90' lang='lat' dir='ltr'><strong>aliquot</strong></span> <span class='ocrx_word' id='word_1_331' title='bbox 1574 3032 1763 3081; x_wconf 92' lang='lat' dir='ltr'><strong>Annis</strong></span> <span class='ocrx_word' id='word_1_332' title='bbox 1783 3029 1932 3082; x_wconf 74' lang='lat' dir='ltr'><strong>facta</strong></span> <span class='ocrx_word' id='word_1_333' title='bbox 1946 3031 1997 3081; x_wconf 93' lang='grc'><strong>8(</strong></span> <span class='ocrx_word' id='word_1_334' title='bbox 2012 3031 2237 3082; x_wconf 88' lang='lat' dir='ltr'><strong>coelitus</strong></span> <span class='ocrx_word' id='word_1_335' title='bbox 2251 3031 2548 3094; x_wconf 89' lang='lat' dir='ltr'><strong>diligenter</strong></span> 
     </span>
     <span class='ocr_line' id='line_1_41' title="bbox 389 3095 2547 3163; baseline 0.003 -19"><span class='ocrx_word' id='word_1_336' title='bbox 389 3095 659 3146; x_wconf 91' lang='lat' dir='ltr'><strong>denotata</strong></span> <span class='ocrx_word' id='word_1_337' title='bbox 685 3097 758 3147; x_wconf 94' lang='lat' dir='ltr'><strong>ad</strong></span> <span class='ocrx_word' id='word_1_338' title='bbox 784 3112 994 3147; x_wconf 92' lang='lat' dir='ltr'><strong>manus</strong></span> <span class='ocrx_word' id='word_1_339' title='bbox 1023 3098 1250 3158; x_wconf 90' lang='lat' dir='ltr'><strong>fuerint,</strong></span> <span class='ocrx_word' id='word_1_340' title='bbox 1281 3115 1552 3163; x_wconf 94' lang='lat' dir='ltr'><strong>cuperem</strong></span> <span class='ocrx_word' id='word_1_341' title='bbox 1577 3116 1671 3151; x_wconf 92' lang='lat' dir='ltr'><strong>me</strong></span> <span class='ocrx_word' id='word_1_342' title='bbox 1699 3100 2131 3152; x_wconf 89' lang='lat' dir='ltr'><strong>Obseruationis</strong></span> <span class='ocrx_word' id='word_1_343' title='bbox 2157 3115 2376 3159; x_wconf 90' lang='lat' dir='ltr'><strong>eorum,</strong></span> <span class='ocrx_word' id='word_1_344' title='bbox 2407 3114 2547 3163; x_wconf 93' lang='lat' dir='ltr'><strong>quo-</strong></span> 
     </span>
     <span class='ocr_line' id='line_1_42' title="bbox 387 3164 2037 3234; baseline 0.005 -21"><span class='ocrx_word' id='word_1_345' title='bbox 387 3165 563 3214; x_wconf 93' lang='lat' dir='ltr'><strong>modo</strong></span> <span class='ocrx_word' id='word_1_346' title='bbox 585 3164 635 3214; x_wconf 92' lang='grc'><strong>8(</strong></span> <span class='ocrx_word' id='word_1_347' title='bbox 656 3181 691 3215; x_wconf 92' lang='lat' dir='ltr'><strong>a</strong></span> <span class='ocrx_word' id='word_1_348' title='bbox 711 3167 919 3228; x_wconf 93' lang='lat' dir='ltr'><strong>quibus</strong></span> <span class='ocrx_word' id='word_1_349' title='bbox 940 3167 1126 3218; x_wconf 92' lang='lat' dir='ltr'><strong>Stellis</strong></span> <span class='ocrx_word' id='word_1_350' title='bbox 1146 3176 1380 3232; x_wconf 89' lang='lat' dir='ltr'><strong>accepta</strong></span> <span class='ocrx_word' id='word_1_351' title='bbox 1399 3169 1518 3229; x_wconf 91' lang='lat' dir='ltr'><strong>fint,</strong></span> <span class='ocrx_word' id='word_1_352' title='bbox 1539 3172 1877 3234; x_wconf 93' lang='lat' dir='ltr'><strong>participem</strong></span> <span class='ocrx_word' id='word_1_353' title='bbox 1896 3169 2037 3221; x_wconf 92' lang='lat' dir='ltr'><strong>fieri.</strong></span> 
     </span>
    </p>

    <p class='ocr_par' dir='ltr' id='par_1_13' title="bbox 458 3234 2639 3303">
     <span class='ocr_line' id='line_1_43' title="bbox 458 3234 2639 3303; baseline 0.001 -19"><span class='ocrx_word' id='word_1_354' title='bbox 458 3234 894 3287; x_wconf 89' lang='lat' dir='ltr'><strong>MESTLINVS</strong></span> <span class='ocrx_word' id='word_1_355' title='bbox 915 3235 1073 3287; x_wconf 92' lang='lat' dir='ltr'><strong>haud</strong></span> <span class='ocrx_word' id='word_1_356' title='bbox 1094 3238 1269 3288; x_wconf 92' lang='lat' dir='ltr'><strong>dubio</strong></span> <span class='ocrx_word' id='word_1_357' title='bbox 1290 3238 1620 3290; x_wconf 92' lang='lat' dir='ltr'><strong>huiusmodi</strong></span> <span class='ocrx_word' id='word_1_358' title='bbox 1636 3239 2081 3291; x_wconf 86' lang='lat' dir='ltr'><strong>Obseruationes</strong></span> <span class='ocrx_word' id='word_1_359' title='bbox 2098 3239 2319 3303; x_wconf 92' lang='lat' dir='ltr'><strong>aliquot</strong></span> <span class='ocrx_word' id='word_1_360' title='bbox 2332 3254 2434 3302; x_wconf 94' lang='lat' dir='ltr'><strong>per</strong></span> <span class='ocrx_word' id='word_1_361' title='bbox 2446 3237 2544 3288; x_wconf 90' lang='lat' dir='ltr'><strong>Al·</strong></span> <span class='ocrx_word' id='word_1_362' title='bbox 2593 3253 2639 3287; x_wconf 77' lang='grc' dir='ltr'><strong>4ο</strong></span> 
     </span>
    </p>
   </div>
   <div class='ocr_carea' id='block_1_11' title="bbox 387 3303 2546 3428">
    <p class='ocr_par' dir='ltr' id='par_1_14' title="bbox 387 3303 2546 3428">
     <span class='ocr_line' id='line_1_44' title="bbox 387 3303 2546 3428; baseline 0.003 -76"><span class='ocrx_word' id='word_1_363' title='bbox 387 3303 656 3353; x_wconf 90' lang='lat' dir='ltr'><strong>titudines</strong></span> <span class='ocrx_word' id='word_1_364' title='bbox 684 3304 1006 3364; x_wconf 89' lang='lat' dir='ltr'><strong>Stellarum,</strong></span> <span class='ocrx_word' id='word_1_365' title='bbox 1034 3307 1125 3356; x_wconf 91' lang='lat' dir='ltr'><strong>vel</strong></span> <span class='ocrx_word' id='word_1_366' title='bbox 1153 3323 1500 3371; x_wconf 90' lang='lat' dir='ltr'><strong>quacunque</strong></span> <span class='ocrx_word' id='word_1_367' title='bbox 1528 3309 1643 3360; x_wconf 93' lang='lat' dir='ltr'><strong>alia</strong></span> <span class='ocrx_word' id='word_1_368' title='bbox 1671 3312 1895 3360; x_wconf 93' lang='lat' dir='ltr'><strong>ratione</strong></span> <span class='ocrx_word' id='word_1_369' title='bbox 1924 3309 2119 3361; x_wconf 87' lang='lat' dir='ltr'><strong>sedulo</strong></span> <span class='ocrx_word' id='word_1_370' title='bbox 2149 3306 2546 3428; x_wconf 42' lang='lat' dir='ltr'><strong>deprehensa?</strong></span> 
     </span>
     <span class='ocr_line' id='line_1_45' title="bbox 2527 3392 2546 3427; baseline 0 0"><span class='ocrx_word' id='word_1_371' title='bbox 2527 3392 2546 3427; x_wconf 83' lang='lat'>1</span> 
     </span>
    </p>
   </div>
  </div>
 </body>
</html>
