2748 4204
440 304 541 355 250
780 299 1379 352 EPISTOLARUM
1406 297 2239 351 ASTRONOMICARUM

442 439 635 508 ΕΙΝ
673 434 1338 506 ZUSAMMEN
1377 433 1869 506 GEFASTE
1911 434 2584 508 BESCHREIB-
2614 461 2700 505 219

484 535 679 599 UNGs
706 535 1043 586 WELCHE
1071 529 1522 585 KURTZLICH
1548 532 1867 599 INHELTJ
1893 535 2063 586 WAS
2089 530 2240 586 FUR
2265 535 2539 590 ASTRO-

662 615 1079 666 NOMISCHE
1103 614 1347 665 INSTR
1359 615 1760 667 UMENTEN
1777 615 1931 665 DER
1957 615 2161 666 EDEL
2185 616 2356 667 VND

827 695 1383 746 WOLGEBORNE
1418 695 1687 748 TYCHO
1710 695 2005 746 BRAHE
2026 695 2190 746 HAT

1126 775 1545 826 ANRICHEN
1571 776 1880 827 LASSEN.
2629 793 2650 827 5

434 855 573 896 VND
595 855 743 896 ERST
762 854 901 895 VON
924 853 1055 895 DEN
1072 853 1371 903 JENIGENl
1397 854 1508 894 DIE
1528 853 1597 895 IN
1618 854 1760 895 DEM
1783 844 2217 897 FURNEMSTEN
2239 855 2459 900 HAUSZ
2479 859 2579 901 AM

587 923 875 965 SCHLOSZ
898 921 1169 963 VRANIB
1179 921 1342 973 URG‚
1364 922 1644 965 WELCHS
1666 923 2060 965 HERNACHER
2080 923 2431 969 DELINIRT

1033 991 1274 1036 WIRDTl
1295 991 1652 1034 GEFUNDEN
1672 992 1971 1036 WERDEN.

543 1061 964 1103 ANFENGLICH
985 1061 1144 1101 ABER
1164 1060 1305 1102 VON
1327 1060 1460 1101 DEN
1480 1060 1698 1103 INSTR
1709 1061 2079 1115 UMENTEN,
2102 1063 2211 1106 DIE
2232 1064 2302 1107 IN
2323 1065 2465 1108 DEM

747 1130 981 1172 THURM
1005 1129 1176 1171 ODER
1199 1128 1759 1174 OBSERUATORIO
1781 1131 1998 1174 GEGEN
2021 1121 2266 1179 SUDENs
2630 1140 2671 1174 lo

835 1199 1111 1240 WELCHS
1133 1199 1250 1240 MIT
1270 1198 1343 1240 LI
1348 1198 1535 1240 TERA
1561 1198 1606 1242 Ο
1628 1200 2034 1243 GEZEICHNET
2053 1202 2173 1248 ISTJ

943 1268 1199 1309 SEYNDT
1220 1268 1633 1311 GEMEINLICH
1652 1268 2057 1313 DISPONIRT.

539 1416 622 1465 IN
651 1416 850 1466 halber
877 1413 1091 1479 Circull
1118 1415 1361 1466 welches
1386 1415 1708 1468 Diameter
1728 1417 1887 1468 sechs
1917 1417 2166 1471 Cubitos
2189 1419 2324 1484 lang
2348 1420 2424 1472 ist.
2455 1421 2577 1473 Hat
2641 1428 2669 1471 ’c

562 1485 679 1535 sein
707 1484 1213 1549 Perpendiculum
1240 1485 1302 1536 ἄ
1321 1486 1627 1551 Regulam
1655 1486 1719 1537 in
1749 1487 2137 1540 extremitate
2164 1488 2482 1552 Diametri,
2511 1490 2576 1542 in
2628 1510 2669 1544 15

424 1553 595 1605 initio
622 1553 1135 1605 circumferentiae
1162 1554 1547 1619 applicatam.
1575 1556 1642 1606 1st
1660 1556 1880 1607 vberall
1906 1559 1968 1608 in
1991 1558 2070 1609 90.
2098 1557 2342 1612 Gradus
2365 1558 2575 1626 geteiltl

424 1621 581 1686 Alsos
606 1624 713 1673 dass
732 1624 814 1675 45.
836 1623 1020 1687 gleich
1041 1624 1191 1674 oben
1210 1627 1290 1674 im
1309 1628 1510 1676 mitten
1531 1626 1636 1676 dess
1663 1639 1851 1678 arcus
1868 1624 1982 1691 sub
2000 1627 2576 1693 perpendicularem

423 1693 613 1743 fallen.
640 1690 855 1757 Estque
877 1691 1199 1745 Oricbalco
1225 1691 1529 1755 obductus,
1559 1695 1621 1746 ἄν
1639 1692 1839 1759 insistit
1858 1696 2181 1749 Horizonti
2204 1697 2573 1762 azimuthali,

424 1777 459 1813 e
481 1760 674 1826 solido
705 1759 997 1825 constanti
1024 1762 1207 1824 ferre,
1244 1766 1427 1829 atque
1457 1763 1522 1815 in
1553 1764 1927 1818 Dimetiente
1956 1766 2212 1819 habenti
2239 1769 2287 1819 4.
2321 1768 2573 1831 cubitOS,

426 1846 602 1895 quem
630 1833 677 1882 5.
710 1833 1011 1883 columnae
1039 1846 1178 1883 cum
1199 1830 1333 1896 suis
1362 1833 1635 1886 cochleis
1662 1834 1890 1887 ferreis
1917 1834 2099 1901 (quas
2126 1837 2444 1891 Peoennes
2474 1853 2574 1891 Vo-
2622 1857 2667 1892 20

425 1899 587 1964 cant)
615 1900 832 1965 quibus
859 1904 1047 1952 totum
1071 1899 1538 1965 Instrumentum
1563 1903 1628 1955 in
1649 1904 2090 1970 AEquilibrium
2110 1906 2467 1960 Horizontis
2492 1907 2574 1960 di-

422 1969 656 2035 rigitur,
672 1968 976 2035 sustinent.
1004 1971 1202 2022 Dieser
1224 1972 1669 2026 semicirculus
1687 1974 1808 2025 kan
1827 1975 2220 2028 allenthalben
2238 1979 2342 2028 mit
2360 1977 2575 2030 seinem

421 2039 745 2091 Manubrio
762 2041 1186 2104 vmbgetrieben
1205 2043 1450 2093 werden.
1478 2043 1601 2094 Hat
1621 2059 1698 2094 an
1719 2047 1880 2096 einer
1898 2045 2073 2096 seiten
2094 2046 2308 2098 Rareke
2329 2047 2574 2112 Eyserne

422 2109 669 2172 Stangen
695 2124 812 2174 pro
833 2107 1272 2174 sustentaculis,
1309 2113 1487 2163 damit
1519 2128 1579 2164 es
1610 2113 1806 2165 [einen
1836 2114 2019 2166 standt
2048 2114 2113 2166 in
2137 2117 2330 2182 plano
2360 2116 2578 2169 circuli

423 2178 736 2230 verticalis
754 2179 997 2230 behalte.
1019 2181 1149 2231 Vnd
1169 2181 1364 2232 ssehen
1390 2182 1541 2233 oben
1567 2183 1800 2235 darauff
1822 2187 2078 2237 ornatus
2104 2185 2296 2238 causa
2322 2185 2573 2240 Geome-
2620 2205 2665 2239 25

421 2247 537 2298 tria
558 2247 619 2298 ἂν
632 2247 1053 2311 Aritbmetica,
1070 2250 1469 2318 porrigentes
1478 2250 1881 2316 Astronomiae
1892 2252 2218 2319 sublimius
2228 2252 2413 2319 stanti
2428 2271 2572 2308 aux-

417 2316 715 2369 iliatrices
727 2333 966 2380 manuS‚
981 2321 1119 2372 baec
1131 2320 1425 2382 numeris,
1443 2321 1551 2373 illa
1573 2322 1948 2390 Triangulis,·
1957 2322 2343 2390 sculptilibus
2357 2340 2574 2379 omnes

421 2389 549 2438 tres
569 2386 802 2439 affabre
821 2387 1107 2454 expressae
1125 2389 1516 2457 imaginibus.

488 2549 595 2599 Ein
618 2550 888 2602 Sextans
901 2549 1373 2615 AstronomicuS,
1397 2554 1576 2606 cuius
1596 2569 1784 2607 arcus
1801 2554 2126 2609 Orichalco
2147 2554 2450 2619 obducfluS,
2471 2557 2664 2618 hat-eso

418 2633 491 2668 an
515 2619 614 2668 der
634 2622 803 2670 einen
823 2620 997 2671 seiten
1016 2623 1205 2673 neben
1225 2624 1358 2674 dem
1376 2625 1659 2688 principal
1683 2624 1906 2678 Centro
1923 2625 2283 2692 CylindricO,
2305 2627 2458 2678 noch
2477 2630 2573 2679 ein

417 2688 596 2738 ander
627 2689 1015 2755 dessgleichenl
1056 2691 1118 2743 ἂν
1148 2692 1292 2744 huic
1321 2692 1385 2743 in
1419 2707 1568 2746 arcu
1607 2692 2179 2760 correspondentem
2215 2697 2434 2758 locum,
2473 2696 2576 2749 cui

417 2755 681 2821 (quoties
706 2758 1021 2822 necestitas
1040 2759 1320 2826 postulat)
1342 2762 1767 2828 pinnacidium
1791 2764 2129 2831 imponitur
2149 2767 2231 2818 ad
2252 2764 2570 2832 obseruan-

419 2827 558 2877 dum
590 2827 880 2880 minimas
912 2827 1236 2892 distantiaS,
1278 2846 1415 2897 quae
1446 2832 1677 2899 alioqui
1707 2832 2027 2899 obseruatu
2059 2833 2242 2899 essent
2271 2835 2570 2888 difficiles.

418 2895 577 2946 Sonst
603 2897 701 2947 hat
727 2899 904 2948 dieser
926 2899 1197 2952 Sextans
1221 2902 1374 2952 auch
1398 2902 1551 2953 [eine
1577 2905 1800 2954 andern
1822 2904 2198 2966 Pinnacidia,
2224 2904 2289 2956 in
2308 2905 2492 2973 Radij
2514 2905 2573 2958 ἅ
2617 2922 2662 2956 35

418 2965 678 3030 Regulae
710 2967 1005 3020 terminis.
1040 2970 1174 3021 Hoc
1203 2969 1603 3034 Instrumento
1636 2973 1965 3038 capiuntur
1992 2972 2279 3040 exquisite
2312 2977 2436 3027 tam
2467 2974 2569 3026 Di-

410 3031 646 3096 stantiae
668 3050 849 3100 quam
863 3038 1238 3091 Altitudines
1257 3041 1590 3093 Stellarum
1610 3042 1775 3094 intra
1796 3044 1877 3095 60.
1899 3043 2157 3106 Gradus,
2180 3042 2571 3109 diuersimode

420 3105 623 3155 tamen
642 3104 793 3155 illud
811 3107 1186 3172 applicando.
1446 3146 1541 3197 ΠΙ.

487 3208 593 3257 Ein
621 3208 959 3271 Quadrans,
989 3212 1093 3276 qui
1117 3215 1239 3264 tota
1257 3212 1371 3278 sua
1389 3212 1716 3280 superficie
1736 3231 1775 3268 a
1795 3220 2009 3269 centro
2033 3218 2115 3269 ad
2135 3216 2660 3277 circumferen-†4o

418 3275 563 3327 tiam
580 3291 614 3328 e
620 3276 812 3341 solido
826 3278 1051 3343 constat
1067 3280 1405 3335 Oricbalco.
1428 3285 1693 3349 Begreifft
1712 3289 1774 3337 in
1793 3286 2007 3338 seinem
2026 3287 2201 3340 radio
2224 3289 2296 3341 st.
2315 3286 2568 3408 cubit'cgii
2745 3302 2748 3303 ’
