2748 4204
436 326 525 377 150
781 321 1383 375 EPISTOLARUM
1409 320 2238 373 ASTRONOMICARUM

434 462 673 515 caelestia
699 463 799 512 esse
824 458 1227 524 perfefflssima‚
1253 459 1661 522 simplicissima,
1687 459 1949 522 nullique
1975 459 2203 523 prorsus
2229 463 2582 524 corruptioni

434 539 532 583 aut
559 532 914 595 generationi
943 529 1218 587 obnoxia:
1247 528 1341 579 sed
1369 535 1595 579 tantum
1624 530 1694 580 de
1723 528 2064 579 circumfusa
2090 531 2333 580 materia
2358 528 2581 592 loquor,

434 615 611 664 quam
638 614 758 649 non
786 601 1081 661 impurum
1108 597 1202 648 sed
1230 598 1583 660 purissimum
1612 599 1740 649 dico
1770 599 1871 648 esse
1897 598 2128 655 Aerem,
2159 600 2259 660 qui
2286 604 2483 650 tamen
2511 600 2583 651 ab

433 671 583 720 Aere
603 682 749 731 puro
770 666 919 717 infra
938 662 959 733 ΙΙ
980 666 1208 717 Lunam
1227 665 1375 716 nihil
1394 665 1633 717 differat.
1655 667 1813 717 Nam
1834 666 1884 716 &
1903 666 1997 717 hic
2017 666 2165 717 nihil
2183 667 2424 718 claritati
2443 667 2580 719 Stel·
2617 677 2692 720 121

431 739 620 789 larum
646 735 905 787 detrahit.
933 735 1058 786 Nec
1083 735 1217 786 inde
1243 735 1510 797 sequitur,
1537 735 1578 785 fi
1602 736 1722 799 ipsa
1741 751 1984 799 corpora
2003 735 2106 787 fint
2125 734 2513 799 perfectissima
2532 737 2583 788 &
2631 755 2652 788 5

431 808 502 859 ab
536 806 846 857 Elementis
877 803 1117 863 diuersa,
1157 806 1331 855 etiam
1363 804 1766 856 circumfusam
1795 808 2100 856 materiam
2135 804 2446 868 perfectam
2483 807 2583 858 esse

432 883 715 940 oportere:
742 874 834 925 sed
860 877 1066 938 potiuS,
1094 888 1226 924 cum
1248 873 1508 924 Cometae
1534 876 1596 924 in
1622 889 1692 925 ea
1717 880 2077 938 generentur,
2104 874 2368 934 crescant,
2395 876 2583 927 decre-

431 946 598 1003 scant,
610 944 901 995 &tandem
914 946 1087 994 etiam
1099 942 1443 994 euanescant
1454 958 1521 994 ae
1533 943 1873 1006 dissipentur‚
1882 950 2175 1007 tantaeque
2186 945 2475 996 interdum
2482 945 2586 996 sint

431 1014 855 1079 magnitudinis,
876 1020 934 1064 vt
955 1015 1128 1064 etiam
1149 1014 1568 1075 quinquaginta
1583 1011 1818 1064 Gradus
1832 1028 2116 1077 occupare
2129 1015 2349 1077 possint;
2369 1029 2491 1066 non
2503 1014 2584 1066 vs-

432 1099 543 1147 que
558 1084 705 1135 adeo
721 1098 754 1133 a
769 1085 1088 1133 mutatione
1104 1081 1155 1132 &
1169 1084 1536 1144 corruptione
1552 1085 1656 1132 erit
1669 1085 1963 1142 immuniS‚
1984 1098 2090 1134 nec
2110 1090 2230 1134 tam
2249 1090 2482 1143 aeterna,
2504 1085 2583 1136 di·
2638 1101 2678 1135 10

430 1156 571 1205 uina
590 1153 641 1203 &
661 1151 1159 1215 imperscrutabilis
1172 1157 1231 1201 vt
1243 1149 1491 1214 fingitur.
1513 1151 1638 1202 Nec
1651 1151 1691 1202 fi
1704 1151 1841 1202 huic
1854 1155 2065 1203 rationi
2079 1152 2130 1203 δι
2143 1152 2422 1216 superiori
2433 1156 2584 1217 prin-

431 1225 580 1286 cipio
602 1223 808 1285 Optico
828 1224 1059 1279 innitor,
1085 1220 1315 1272 Caelum
1337 1219 1398 1283 (fi
1415 1221 1593 1271 modo
1613 1221 1955 1273 circumfusa
1974 1222 2075 1272 illa
2093 1225 2337 1273 materia
2357 1223 2586 1275 Caelum

430 1291 776 1356 appellanda
790 1291 884 1350 ess;
900 1305 1239 1354 quanquam
1253 1305 1374 1340 non
1386 1292 1664 1354 ignorem,
1680 1292 1895 1342 Aerem
1910 1307 2143 1355 quoque
2157 1292 2446 1343 interdum
2458 1292 2584 1344 Cae-

429 1362 552 1412 lum
566 1360 884 1425 appellari.)
906 1361 1045 1411 Non
1058 1362 1302 1423 inquam
1317 1359 1548 1411 Caelum
1560 1361 1693 1412 ideo
1707 1361 1906 1424 aliqua
1918 1361 2048 1412 labe
2062 1361 2364 1424 asper-sem,
2378 1362 2472 1413 sed
2485 1377 2584 1426 po-

429 1434 540 1482 tius
554 1431 696 1481 illud
709 1446 746 1481 a
758 1445 914 1481 vana
928 1429 979 1480 &
991 1436 1200 1492 praeter
1213 1444 1452 1480 omnem
1465 1429 1697 1481 causam
1711 1430 1762 1481 δι
1778 1433 2192 1494 experientiam
2207 1431 2381 1482 otiose
2395 1430 2585 1484 afficta
2637 1449 2678 1482 ιε

427 1500 728 1552 substantia
740 1499 1082 1559 liberauer0‚
1094 1514 1410 1562 veramque
1425 1499 1764 1551 sententiam
1776 1500 2123 1551 substituerO.
2139 1500 2264 1552 Nec
2277 1500 2493 1552 sonitus
2505 1501 2585 1552 vl-

427 1570 516 1620 lus
532 1584 562 1620 e
577 1572 861 1620 concitato
874 1569 1139 1620 Siderum
1152 1574 1316 1620 motu
1329 1572 1391 1619 in
1399 1570 1552 1620 Aere
1566 1569 1668 1620 illo
1681 1585 1830 1634 puro
1845 1570 2097 1621 ciebitur.
2115 1570 2289 1633 Quod
2303 1573 2460 1622 enim
2467 1571 2587 1622 Αὲι·

427 1639 603 1690 illisus
624 1638 675 1689 ἃ
694 1638 972 1702 impulsus
991 1638 1240 1689 sonitum
1262 1638 1409 1698 edat,
1429 1639 1488 1690 id
1507 1642 1569 1690 in
1588 1639 1700 1691 hoc
1721 1641 1891 1691 crasso
1911 1655 1948 1691 a
1966 1646 2140 1691 vento
2161 1643 2378 1704 experti
2390 1640 2586 1692 sumus

428 1708 697 1771 (sonitum
711 1711 868 1759 enim
882 1710 982 1771 qui
996 1711 1220 1759 ratione
1233 1711 1404 1759 vacui
1424 1708 1502 1768 fit,
1523 1708 1639 1760 huc
1658 1724 1781 1760 non
1801 1709 2087 1773 quadrare
2106 1709 2470 1761 manifestum
2489 1709 2584 1773 est)

426 1793 532 1829 nec
543 1778 599 1829 id
612 1785 765 1829 caret
775 1780 1014 1829 ratione.
1025 1777 1325 1840 Quoniam
1337 1781 1494 1829 enim
1502 1779 1621 1830 Aer
1630 1778 1724 1830 hic
1735 1780 1938 1831 crassus
1949 1779 2170 1843 semper
2179 1779 2399 1843 aliquid
2410 1795 2583 1843 aque·
2634 1796 2679 1830 20

427 1864 526 1899 um
539 1851 601 1899 in
614 1848 668 1899 se
683 1851 951 1907 continet,
972 1849 1148 1911 Aqua
1160 1863 1300 1899 vero
1319 1847 1382 1899 fit
1402 1849 1680 1900 eiusmodi
1693 1864 1800 1908 reS,
1822 1864 1955 1913 quae
1968 1852 2428 1912 penetrationem
2440 1849 2584 1900 subi-

425 1926 544 1969 tam
564 1933 685 1969 non
710 1918 991 1969 admittat:
1019 1933 1141 1969 non
1164 1921 1454 1969 immerito
1473 1919 1594 1970 Aer
1614 1933 1848 1982 quoque
1869 1920 2072 1971 crassus
2092 1922 2153 1970 in
2172 1918 2512 1983 impulsione
2534 1919 2585 1971 &

426 1987 665 2039 illisione
686 1987 887 2039 resistet
907 1988 1343 2051 quodammodo
1358 1988 1410 2039 &
1422 1987 1672 2040 sonitum
1692 1989 1835 2040 edet.
1856 1990 1933 2040 At
1946 1989 2101 2040 idem
2114 1992 2176 2040 in
2189 2004 2336 2053 puro
2351 2003 2583 2053 quoque

426 2059 578 2109 Aere
598 2058 872 2118 accidere,
893 2073 1068 2109 nemo
1087 2057 1255 2110 facile
1274 2058 1622 2122 probauerit.
1646 2058 1796 2110 Eum
1817 2061 1975 2110 enim
1994 2059 2095 2110 esse
2114 2059 2498 2110 tenuissimum
2517 2074 2584 2110 ac

426 2128 779 2187 rarissimum,
805 2127 935 2179 satis
961 2127 1096 2179 inde
1122 2127 1318 2191 liquet,
1346 2128 1503 2191 quod
1529 2127 1622 2179 hic
1649 2129 1868 2188 crassuS,
1895 2129 2024 2180 licet
2049 2129 2400 2180 tenuissimus
2425 2135 2583 2192 pute·
2634 2145 2678 2178 25

424 2204 531 2256 tur,
552 2205 749 2248 tamen
768 2198 961 2249 radios
976 2197 1124 2250 Solis
1143 2201 1318 2258 etiam
1332 2197 1672 2249 serenissimo
1685 2204 1944 2262 tempore
1959 2214 2080 2250 non
2093 2198 2391 2250 irreflexos
2405 2198 2456 2249 &
2469 2198 2585 2250 fine

424 2267 645 2318 lumine
664 2267 1024 2327 transmittat;
1045 2267 1217 2319 Illum
1237 2274 1433 2319 autem
1451 2283 1666 2332 purum
1685 2268 1827 2333 radij
1846 2268 1995 2320 Solis
2009 2267 2220 2331 absque
2233 2267 2351 2319 vllo
2364 2268 2585 2319 lumine

427 2336 477 2387 &
502 2336 817 2389 reflexione
843 2344 1158 2402 penetrent,
1184 2344 1243 2388 vt
1267 2353 1338 2389 ex
1359 2337 1723 2402 Crepusculis
1749 2338 2112 2389 manifestum
2140 2337 2228 2388 est.
2258 2337 2394 2389 Ideo
2414 2338 2488 2389 ob
2507 2344 2584 2389 te-

426 2409 707 2458 nuitatem
733 2406 784 2458 ὅτ
810 2410 1103 2459 raritatem
1127 2422 1310 2471 purus
1335 2407 1432 2459 ille
1457 2409 1577 2459 Αὲι·
1602 2408 1747 2459 illidi
1773 2407 1824 2459 &
1848 2408 2069 2471 impelli
2093 2423 2216 2459 non
2241 2410 2462 2471 poterit,
2491 2407 2585 2459 sed

427 2476 637 2540 absque
662 2476 781 2528 vllo
807 2477 1096 2529 obstaculo
1123 2477 1299 2537 cedet,
1330 2478 1595 2541 adeoque
1620 2481 1987 2542 perpetuitati
2012 2477 2396 2529 reuolutionis
2421 2477 2583 2529 eaele-
2634 2493 2679 2527 30

426 2546 589 2598 stium
610 2562 917 2611 corporum
939 2546 990 2598 &
1009 2550 1243 2611 puritati
1263 2562 1469 2599 eorum
1481 2547 1656 2612 longo
1670 2547 1772 2599 vsu
1785 2555 2160 2612 temporeque
2174 2562 2296 2598 non
2309 2546 2584 2606 detrahet,

427 2617 609 2668 multo
620 2619 815 2668 minus
826 2617 1124 2669 atterendo
1137 2617 1631 2669 constantissimam
1642 2617 2014 2669 harmoniam
2024 2615 2401 2669 labefactabit.
2412 2616 2586 2680 Quod

426 2686 465 2737 fi
484 2688 805 2750 purissimus
823 2687 920 2738 ille
934 2688 1054 2738 Aer
1067 2687 1180 2738 hoc
1193 2688 1378 2752 posset,
1399 2702 1630 2739 vererer
1642 2694 1701 2739 vt
1716 2703 1751 2738 a
1764 2687 2266 2738 vehementissimis
2279 2693 2586 2738 ventorum

426 2756 655 2808 flatibus
670 2759 731 2808 in
745 2756 857 2808 hoc
871 2758 1042 2808 crasso
1053 2757 1207 2808 Aere
1221 2757 1566 2808 iamdudum
1578 2763 1699 2809 tota
1709 2757 1889 2809 Terra
1903 2758 2027 2808 esset
2041 2760 2230 2823 attrita
2244 2756 2295 2807 ἃ
2309 2755 2583 2814 absumta,

426 2841 494 2877 ac
514 2829 688 2878 etiam
708 2827 778 2878 de
799 2826 900 2878 suo
919 2826 1049 2878 loco
1069 2834 1244 2879 mota.
1272 2827 1331 2879 Si
1356 2830 1494 2878 item
1513 2833 1708 2878 tantus
1727 2827 1900 2878 sonus
1920 2843 1956 2879 a
1974 2842 2122 2891 puro
2142 2826 2243 2877 illo
2263 2827 2416 2877 Aere
2437 2828 2583 2877 exci-
2634 2842 2677 2875 ³⁵

426 2898 533 2947 tari
553 2897 737 2959 posset,
757 2903 817 2948 vt
836 2896 1091 2948 nostrum
1110 2897 1375 2948 auditum
1394 2897 1743 2961 percelleret,
1765 2912 1969 2948 omnes
1990 2897 2242 2960 Superos
2260 2910 2382 2960 prae
2402 2897 2585 2947 nimio

426 2972 584 3017 metu
604 2966 948 3017 iamdudum
966 2966 1272 3018 suffocatos
1291 2973 1573 3031 putarem.
1602 2967 1796 3019 Multo
1816 2969 1973 3018 enim
1992 2969 2177 3031 magis
2195 2965 2413 3017 sonitus
2432 2965 2586 3017 crassi

427 3034 602 3086 huius
615 3036 785 3087 Aeris
803 3052 840 3087 a
859 3036 1358 3088 vehementissimis
1371 3039 1557 3088 ventis
1578 3039 1854 3088 excitatus
1875 3052 1911 3088 a
1930 3036 2164 3100 Superis
2182 3038 2583 3100 perciperetur,

427 3120 605 3168 quam
623 3105 721 3156 ille
735 3121 771 3156 a
784 3105 966 3156 nobis.
989 3105 1100 3157 Sed
1114 3113 1312 3158 tamen
1324 3109 1582 3166 memini,
1602 3106 1756 3158 fuisse
1776 3106 2093 3170 aliquando
2107 3108 2169 3157 in
2182 3105 2312 3156 loco
2327 3107 2584 3168 quinque

426 3174 768 3226 milliaribus
788 3175 924 3227 hinc
943 3175 1043 3226 fito
1062 3176 1617 3228 vehementissimum
1635 3183 1892 3236 ventum,
1913 3176 2061 3228 adeo
2081 3182 2139 3226 vt
2159 3173 2406 3227 aedificia
2425 3173 2477 3226 &
2496 3189 2582 3226 ar-
2633 3189 2677 3223 40

426 3245 595 3296 bores
615 3251 917 3304 euerteret;
945 3245 1015 3296 de
1041 3248 1206 3296 cuius
1231 3252 1428 3297 tamen
1453 3246 1594 3298 sono
1621 3261 1726 3311 ego
1752 3246 1848 3297 hic
1873 3245 2020 3297 nihil
2046 3243 2371 3297 audiebam.
2400 3243 2583 3303 Ade0,

427 3328 561 3377 quae
573 3329 712 3366 vera
725 3313 867 3373 sunt,
890 3313 1230 3367 coniecturis
1251 3319 1431 3367 euerti
1451 3331 1572 3368 non
1592 3317 1825 3379 possunt.
1848 3315 1940 3367 De
1958 3316 2331 3436 proporgilone
2351 3327 2584 3435 quoque

2222 3398 2391 3436 emen
2416 3397 2584 3434 orum
