2748 4204
406 301 495 350 126
753 294 1354 346 EPISTOLARUM
1381 294 2209 346 ASTRONOMICARUM

404 436 896 490 constituebantur,
931 433 1176 495 ideoque
1206 433 1479 483 Fixarum
1511 432 1584 484 ab
1614 435 1684 496 ijs
1715 431 2173 483 mensuratarum
2203 432 2346 491 loca,
2380 437 2553 485 etiam

403 507 670 556 vlteriora
691 518 867 566 quam
888 504 1153 564 oportuit,
1176 501 1573 552 exhibuerunt.
1597 502 1771 564 Sique
1784 516 1946 552 meas
1961 501 2404 553 obseruationes
2417 509 2553 554 tunc

402 579 462 625 in
474 576 696 623 Venere
709 573 759 622 8(
771 572 902 623 Sole
917 571 1158 629 habitaS‚
1174 571 1247 621 ad
1262 571 1563 622 limitanda
1577 572 1852 621 Fixarum
1866 570 1995 621 loca
2009 573 2364 631 examinaro,
2380 575 2553 624 etiam

402 644 533 694 inde
549 642 841 705 colligetur
854 642 902 690 4.
915 640 1007 690 vel
1017 641 1065 691 5.
1079 640 1496 703 Scrupulorum
1510 643 1691 691 nimia
1704 642 2009 702 promotio,
2024 639 2280 704 neglecto
2292 641 2554 693 videlicet

402 710 825 763 Refrac‘tionum
851 709 1286 772 impedimento;
1313 709 1352 759 fi
1371 725 1511 760 vero
1536 709 1648 760 hoc
1673 725 1774 772 per
1793 708 2080 760 Tabulam
2105 709 2178 760 ab
2201 714 2555 774 experientia

402 782 698 839 crebriore,
720 796 755 830 a
774 780 940 830 nobis
958 778 1092 829 huic
1108 781 1338 842 negotio
1353 778 1687 830 destinatam
1700 786 2116 842 praecaueatur,
2137 779 2266 831 loca
2279 780 2554 832 Fixarum

401 852 603 902 cadent
629 849 857 913 praecise
883 851 943 898 in
971 864 1105 899 eum
1130 847 1311 906 fitum,
1339 863 1456 911 quo
1477 863 1513 898 a
1532 848 1699 899 nobis
1724 850 1884 911 prius
1909 848 2168 912 disposita
2193 849 2334 908 sunt,
2362 853 2554 913 quinis

401 921 511 971 illis
532 919 825 982 Scrupulis
852 918 1183 968 nullatenus
1209 917 1619 969 deficientibuS.
1642 918 1860 968 Verum
1887 920 2187 969 enimuero
2214 920 2430 972 etiamsi
2450 920 2551 971 Re-

399 988 744 1041 frac'tionum
766 989 815 1039 8(
836 987 1226 1039 Parallaxium
1251 988 1663 1050 impedimenta
1688 989 1750 1038 in
1781 987 1891 1038 hac
1917 987 2224 1039 collatione
2250 991 2411 1040 omni
2431 989 2553 1041 dili-

399 1062 589 1124 gentia
616 1058 1008 1116 excludantur,
1037 1057 1087 1107 8(
1113 1063 1321 1107 caetera
1346 1057 1627 1120 requifita,
1655 1055 1942 1108 rec'tissime
1966 1057 2447 1110 administrentur:
2474 1066 2554 1111 ta-

399 1145 534 1180 men
554 1129 815 1179 nondum
836 1130 1024 1178 omnis
1045 1127 1343 1178 dubitandi
1364 1127 1582 1178 occafio
1602 1134 1886 1191 praerepta
1907 1127 1995 1186 est,
2017 1127 2119 1178 nifi
2139 1130 2313 1179 etiam
2326 1129 2479 1180 idem
2492 1132 2553 1180 in

399 1201 623 1249 Venere
643 1200 942 1255 matutina,
970 1212 1136 1260 aeque
1158 1212 1225 1247 ac
1245 1196 1580 1259 vespertina,
1603 1197 1654 1247 8(
1673 1199 1734 1247 in
1754 1197 2032 1248 consimili
2051 1197 2169 1248 fere
2189 1197 2358 1261 supra
2377 1199 2551 1250 Hori-

398 1275 628 1319 zontem
653 1268 772 1326 fitu,
802 1270 1042 1330 parique
1069 1282 1105 1317 a
1129 1266 1319 1317 Terris
1348 1269 1686 1326 remotione,
1713 1267 1806 1317 vel
1832 1282 1902 1318 ea
1928 1282 2061 1331 quae
2086 1267 2387 1331 vtrobique
2415 1267 2551 1319 hinc

397 1338 592 1389 incidit
613 1337 933 1388 differentia
953 1336 1143 1387 debito
1163 1337 1339 1387 modo
1361 1335 1612 1388 correcta
1630 1339 1757 1400 pari
1778 1339 1993 1388 trutina
2018 1336 2314 1400 diligenter
2340 1353 2548 1402 expen-

397 1409 563 1459 datur
584 1407 634 1457 &
655 1407 1071 1469 comprobetur,
1093 1405 1351 1457 adhibita
1371 1409 1545 1458 etiam
1565 1406 1713 1458 Solis
1731 1406 1782 1457 8(
1796 1407 2037 1458 Veneris
2057 1407 2131 1458 ad
2150 1413 2390 1471 vtraque
2409 1414 2548 1459 tem-

396 1493 555 1541 pora,
586 1493 702 1539 quo
731 1477 804 1527 ad
832 1476 1176 1534 Parallaxin,
1207 1476 1246 1526 fi
1275 1492 1393 1539 qua
1418 1476 1562 1528 forte
1588 1477 1863 1535 inciderit,
1891 1476 2233 1536 diuerfitate;
2263 1484 2322 1528 vt
2350 1478 2419 1529 de
2446 1479 2548 1529 Re-

396 1546 766 1598 fratftionibus
786 1562 940 1597 nunc
961 1546 1107 1596 nihil
1127 1546 1331 1606 dicam,
1354 1562 1486 1610 quae
1500 1547 1635 1598 sane
1650 1549 1825 1597 etiam
1838 1547 2157 1598 limitandae
2171 1550 2427 1608 veniunt,
2448 1548 2551 1599 nifi

395 1617 467 1668 ab
487 1623 726 1679 vtraque
753 1622 929 1679 parte,
956 1619 1016 1666 in
1042 1615 1319 1667 confimili
1338 1623 1458 1668 tam
1478 1616 1627 1668 Solis
1647 1632 1824 1680 quam
1844 1617 2085 1667 Veneris
2105 1616 2440 1677 Altitudine,
2466 1620 2549 1669 in-

395 1687 650 1737 stituatur
671 1686 1025 1737 Obseruatio.
1046 1685 1156 1736 Vbi
1178 1689 1334 1737 enim
1353 1687 1660 1746 viceuersa‚
1682 1687 1934 1738 eiusdem
1954 1689 2037 1737 rei
2058 1689 2410 1738 examinatio
2430 1703 2551 1739 non

394 1756 562 1807 fuerit
573 1755 844 1815 adhibita,
861 1758 1175 1819 omniaque
1186 1756 1525 1807 subtilissime
1537 1759 1790 1808 inuicem
1802 1756 2025 1815 collata,
2041 1757 2115 1808 ad
2130 1755 2391 1808 exactam
2401 1758 2549 1809 Lon-

394 1826 663 1890 gitudinis
684 1826 958 1876 Fixarum
983 1828 1264 1886 notitiam,
1292 1829 1466 1878 etiam
1491 1826 1602 1878 hac
1627 1829 1821 1877 minus
1844 1826 2035 1878 fallaci
2054 1828 2151 1878 via
2169 1827 2550 1890 procedendo,

394 1898 698 1958 peruenire
715 1898 812 1946 vix
832 1895 1040 1947 licebit:
1063 1896 1210 1947 adeo
1225 1898 1286 1947 in
1299 1896 1605 1960 profundo,
1627 1897 1678 1947 8(
1697 1899 1954 1948 interiori
1967 1896 2176 1948 nucleo
2191 1896 2551 1948 absconditur

394 1968 646 2016 veritatis
666 1968 901 2016 vnicum
922 1966 973 2016 8(
992 1969 1299 2017 immotum
1321 1967 1618 2018 Centrum.
1640 1967 1699 2019 Si
1718 1969 1913 2030 itaque
1932 1966 1997 2017 T.
2014 1966 2157 2018 Cels.
2179 1966 2549 2018 Mathemati-

395 2052 510 2094 cuS‚
532 2035 847 2099 aliquando
867 2051 969 2099 per
988 2036 1276 2087 Venerem
1295 2040 1657 2096 matutinam,
1678 2039 1804 2100 pari
1823 2036 2080 2088 adhibita
2100 2036 2408 2101 diligentia,
2428 2052 2551 2088 rem

395 2121 630 2156 omnem
659 2112 926 2169 expertus
953 2105 1138 2166 fuerit,
1170 2106 1221 2157 8(
1250 2107 1538 2158 obstacula
1565 2107 1676 2158 sese
1702 2122 1804 2171 per
1830 2105 2257 2158 Refraclionum
2283 2106 2335 2157 8(
2359 2107 2550 2158 Paral-

393 2175 614 2226 laxium
642 2176 1024 2226 diuerfitatem
1049 2179 1369 2240 ingerentia
1393 2177 1713 2236 semouerit,
1741 2192 1862 2227 non
1888 2177 2103 2235 dubito,
2131 2179 2272 2240 quin
2294 2175 2404 2228 hac
2424 2177 2549 2228 Me-

392 2245 570 2296 thodo
584 2248 645 2295 in
660 2246 1071 2309 Longitudines
1086 2246 1416 2298 Affixarum
1430 2249 1575 2298 meis
1588 2250 1848 2311 apprime
1863 2246 2245 2310 astipulanteS,
2261 2246 2550 2306 deueniet;

393 2321 565 2365 antea
590 2330 728 2366 vero
754 2312 1120 2383 absolu-utam
1147 2319 1207 2367 in
1233 2315 1324 2367 his
1350 2317 1750 2368 certitudinem
1774 2316 2030 2376 statuere,
2056 2316 2551 2379 superuacaneum

394 2385 481 2435 est.
505 2384 678 2446 Quod
697 2392 893 2436 autem
912 2401 1014 2448 per
1033 2402 1231 2437 meum
1244 2393 1469 2438 motum
1484 2386 1648 2446 Solis,
1669 2402 1845 2450 quem
1859 2385 2422 2438 ROTHMANNVS
2436 2389 2550 2438 exi-

392 2454 638 2505 stimauit
651 2458 801 2506 circa
815 2456 862 2506 8.
881 2456 1148 2507 Gradum
1168 2468 1225 2506 xx
1243 2457 1507 2520 pauculis
1521 2457 1768 2507 Minutis
1781 2456 1923 2507 iusto
1939 2456 2267 2516 tardiorem,
2289 2455 2550 2508 defectio-

392 2540 528 2574 nem
541 2527 854 2587 quinorum
864 2525 1098 2577 illorum
1110 2526 1542 2590 Scrupulorum,
1559 2542 1691 2590 quae
1703 2529 1848 2578 meis
1858 2528 2116 2577 numeris
2126 2527 2291 2577 inesse
2302 2531 2550 2589 putatur,

393 2594 661 2645 excusare
687 2595 924 2654 laborat,
952 2596 1333 2647 frustraneum
1352 2597 1600 2655 videtur;
1628 2596 1925 2660 Siquidem
1949 2595 2112 2647 locus
2132 2595 2282 2647 Solis
2300 2610 2472 2647 verus
2490 2598 2551 2646 in

392 2671 511 2715 tam
530 2664 739 2715 decliui
758 2665 862 2716 fitu
881 2681 983 2728 per
997 2666 1375 2718 Instrumenta
1389 2666 1820 2730 exquisitissima‚
1837 2665 1888 2716 &
1901 2665 2159 2717 adhibita
2173 2668 2346 2717 etiam
2360 2665 2549 2716 Paral-

392 2733 525 2793 laxi,
547 2735 777 2797 praecise
798 2735 1017 2786 caelitus
1037 2751 1158 2787 non
1177 2736 1489 2788 innotescit.
1511 2737 1764 2800 Ideoque
1778 2738 2106 2799 praemonui
2120 2738 2180 2786 in
2194 2737 2394 2798 primis
2406 2737 2551 2786 meis

392 2803 583 2863 literiS,
613 2804 764 2855 infra
790 2805 1136 2857 tricefimum
1163 2806 1431 2857 Gradum
1456 2806 1807 2865 Altitudinis,
1838 2821 1960 2856 non
1988 2806 2112 2856 dari
2140 2820 2242 2869 per
2270 2805 2550 2856 Obserua-

393 2875 626 2933 tionem,
656 2874 876 2925 Locum
906 2875 1054 2926 Solis
1083 2882 1289 2936 ratum,
1321 2877 1393 2928 ob
1424 2875 1843 2928 Refractionem
1873 2878 1933 2926 in
1962 2875 2261 2926 decliuiori
2285 2874 2389 2925 fitu
2417 2877 2551 2926 irre-

393 2948 646 3004 pentem;
674 2944 742 2994 Et
766 2943 911 2995 Tuae
940 2945 1082 2996 Cels.
1111 2946 1595 2997 Mathematicum
1622 2949 1796 2997 etiam
1821 2960 1923 3010 per
1948 2945 2141 2996 literas
2167 2945 2463 3004 admonui,
2489 2946 2551 2995 in

395 3012 623 3063 Boreali
653 3013 1023 3065 Semicirculo
1053 3015 1279 3066 cursum
1308 3015 1457 3067 Solis
1484 3016 1848 3067 solummodo
1881 3018 2020 3066 citra
2052 3029 2305 3065 errorem
2337 3016 2549 3065 exami-

394 3082 671 3141 nandum,
699 3098 819 3133 non
844 3085 981 3134 item
1006 3087 1067 3135 in
1089 3085 1353 3145 Australi,
1378 3086 1452 3137 ob
1476 3083 1904 3137 Refractionum
1923 3082 2284 3148 saepedictam
2303 3083 2550 3135 insinua-

392 3154 627 3202 tionem.
654 3153 846 3215 Atque
872 3152 999 3204 haec
1024 3153 1129 3205 fuit
1154 3170 1275 3205 non
1294 3158 1540 3207 minima
1559 3155 1794 3214 occaHO,
1822 3170 1923 3206 cur
1941 3154 2198 3206 summus
2217 3153 2313 3205 ille
2335 3153 2549 3218 Coper-

395 3223 558 3271 nicus
578 3223 639 3271 in
658 3222 936 3286 Apogaeo,
958 3223 1503 3288 Eccentricitateque
1523 3225 1672 3277 Solis
1693 3224 2112 3284 constituendiS,
2138 3229 2436 3287 tantopere
2456 3222 2549 3274 de-

394 3291 581 3350 uiarit‚
604 3291 760 3354 quod
776 3292 1038 3343 videlicet
1052 3294 1126 3344 ad
1140 3295 1361 3345 medias
1375 3301 1565 3358 partes
1579 3295 1796 3359 Scorpij
1814 3294 2112 3359 ingressum
2127 3295 2267 3352 eiuS,
2286 3308 2405 3344 vna
2418 3308 2550 3344 cum

2030 3361 2551 3427 AEquinoctialibus

2607 1077 2648 1112 10

2602 1427 2642 1461 15

2599 1775 2644 1809 20

2599 2124 2643 2158 25

2593 2326 2650 2368 98

2599 2822 2644 2856 35

2598 3170 2644 3204 40
