2730 4212
375 308 474 358 274
719 298 1319 354 EPISTOLARUM
1345 297 2174 351 ASTRONOMICARUM

376 460 444 495 ex
466 458 579 505 quo
601 444 770 492 etiam
791 440 979 489 Poetae
999 438 1125 487 haec
1145 436 1473 487 fabularum
1486 437 1800 488 involucris
1819 440 2076 496 texerint,
2097 452 2171 488 ne
2191 437 2398 502 vulgus
2414 441 2518 490 im-

373 514 615 575 peritum
637 523 837 571 capere
858 507 1038 570 posset.

442 580 633 631 Habet
665 591 894 640 quoque
931 575 1043 625 hoc
1077 574 1260 637 ipsum
1293 574 1728 638 Hypocaustum
1759 581 2009 637 quatuor
2040 574 2307 627 fenestras
2337 576 2518 628 statim

371 650 537 711 supra
556 654 720 697 terrae
740 646 1051 708 planitiem,
1074 659 1144 693 ex
1163 643 1353 693 solidis
1373 643 1660 706 lapidibus
1673 644 1988 706 laqueatas,
2008 644 2182 707 idque
2195 648 2257 695 in
2271 653 2519 708 quatuor

371 716 612 780 Angulis
649 715 822 765 huius
861 712 1339 776 quadrangularis
1375 715 1682 776 vaporarij,
1729 728 1980 775 quorum
2017 713 2253 776 quilibet
2289 714 2519 779 plagam
2566 733 2588 766 5

370 786 586 843 mundi,
613 784 932 834 meridiano
953 782 1004 832 &
1025 781 1236 832 circulo
1255 781 1511 832 verticali
1537 782 1929 844 principaliori
1955 782 2078 844 (qui
2097 783 2358 834 videlicet
2382 784 2519 836 huic

371 856 443 906 ad
469 854 710 917 angulos
736 850 916 902 redios
937 850 1194 912 eonfistit)
1220 849 1447 912 prorsus
1473 851 1891 910 intermediam,
1919 852 2253 903 adamussim
2278 853 2517 917 respicit;

369 925 553 986 licque
573 926 633 972 in
652 922 762 972 hoc
783 919 1233 984 Hypoeaustum,
1259 919 1388 969 licet
1412 919 1846 971 subterraneum
1871 920 1948 978 fit,
1975 920 2106 972 satis
2126 922 2350 974 diurnae
2375 923 2518 974 lucis

369 998 944 1124 mtIffffntgtilitllg’huius
969 1057 1296 1121 parietibuS,
1322 1057 1491 1120 supra
1516 1057 1757 1109 limbum
1780 1064 1900 1110 arte
1919 1058 2107 1110 fabrili
2127 1059 2371 1124 lignaria
2389 1061 2518 1113 scite
2570 1079 2611 1113 10

370 1131 741 1188 elaboratum,
761 1130 1032 1180 binorum
1045 1126 1524 1177 Astronomorum
1539 1126 1768 1191 Effigies
1783 1128 1941 1191 quafi
1960 1131 2021 1179 in
2040 1128 2279 1193 longum
2298 1146 2517 1182 recum-

367 1201 639 1258 bentium,
668 1197 831 1261 pid'tae
858 1196 1295 1259 conspiciuntur,
1322 1199 1401 1246 ita
1426 1202 1488 1246 ut
1514 1195 1640 1248 0610
1666 1197 1832 1248 fimul
1856 1197 1975 1258 fint,
2006 1214 2257 1262 quorum
2282 1200 2518 1263 quilibet

367 1272 427 1319 in
448 1268 593 1319 dieto
613 1268 790 1318 limbo
811 1266 1105 1317 Distichon
1124 1265 1491 1328 subscriptum
1517 1266 1706 1326 habet,
1734 1267 1890 1329 quod
1911 1282 2114 1319 eorum
2139 1270 2518 1321 intentionem

366 1339 608 1388 breviter
628 1339 905 1399 exprimit.
934 1336 1192 1386 Nomina
1212 1341 1406 1385 autem
1425 1335 1660 1386 illorum
1681 1336 1731 1387 &
1750 1336 2036 1405 subscripti
2055 1337 2261 1389 Versus
2280 1341 2342 1389 in
2361 1339 2516 1390 hunc

365 1407 604 1457 modum
623 1406 676 1457 se
697 1406 924 1464 habent,
946 1411 1007 1455 ut
1026 1419 1181 1455 nunc
1201 1404 1581 1468 subijciemus.
1603 1401 1623 1472 ΙΙ
2568 1427 2608 1460 15

859 1624 1376 1676 TIMOCHARES
1401 1625 2019 1678 ALEXANDRINVS
2547 1639 2632 1681 244

904 1698 1083 1740 VIXIT
1102 1697 1291 1740 ANNO
1311 1697 1411 1740 300.
1433 1697 1604 1740 ANTE
1625 1698 1972 1742 CHRISTVM.

503 1775 755 1828 Salvete
773 1776 1029 1836 Heroe‘S,
1055 1778 1235 1827 vetus
1255 1775 1291 1826 6
1318 1775 1777 1829 TIMOCHARI
1789 1778 1987 1837 avetO,

639 1845 924 1897 AEtheris
943 1847 1088 1897 ante
1107 1844 1265 1897 alios
1285 1843 1428 1911 ause
1439 1844 1646 1911 subire
1667 1847 1894 1898 domos

1002 1985 1498 2036 HIPPARCHVS
1523 1985 1873 2037 RHODIVS
2564 2006 2609 2040 20

903 2058 1083 2099 VIXIT
1100 2057 1291 2100 ANNO
1316 2058 1411 2100 120.
1433 2058 1605 2100 ANTE
1626 2058 1975 2102 CHRISTVM.

500 2137 580 2187 Et
598 2135 702 2200 qui
718 2133 966 2200 mensus
986 2149 1130 2187 eras
1151 2135 1317 2187 Solis
1336 2137 1651 2202 Lunaeque
1669 2135 1956 2201 recursus

638 2204 1120 2266 HIPPARCHE,
1143 2219 1218 2257 ac
1238 2208 1530 2271 quotquot
1549 2205 1768 2258 Sidera
1791 2205 2090 2273 Olympus
2107 2206 2306 2259 habet.

803 2344 915 2396 CL.
943 2344 1036 2395 PT
1038 2344 1431 2396 OLEMAEVS
1457 2345 2074 2397 ALEXANDRINVS

908 2417 1087 2460 VIXIT
1106 2418 1295 2460 ANNO
1321 2418 1415 2461 140.
1437 2418 1594 2461 POST
1613 2419 1963 2462 CHRISTVM.
2563 2429 2608 2462 25

498 2494 804 2559 Antiquos
814 2494 1112 2560 superare
1134 2498 1353 2548 volens
1371 2495 1853 2570 PTOLEMAEE
1867 2497 2129 2557 labores,

640 2563 901 2616 Orbibus
922 2565 983 2617 ἅτ
995 2565 1275 2618 numeris
1289 2566 1638 2632 promptius
1656 2563 1831 2630 Astra
1851 2569 2048 2618 notas,

942 2705 1488 2757 ALBATEGNIVS
1513 2705 1933 2758 ARATENSIS

907 2777 1087 2819 VIXIT
1106 2778 1294 2820 ANNO
1316 2778 1415 2820 880.
1437 2778 1594 2820 POST
1613 2778 1961 2821 CHRISTVM.

497 2855 843 2906 Emendare
864 2854 1093 2920 aquuid
1107 2855 1255 2907 Iicet
1270 2855 1498 2907 ALBA
1509 2856 1757 2910 TEGNI
1761 2856 1865 2909 VS
1879 2854 1982 2922 ors
1979 2871 2068 2917 ας,
2562 2874 2608 2908 30

635 2924 771 2974 Non
795 2926 997 2976 tamen
1019 2923 1268 2977 exadtas
1279 2925 1538 2991 pertulit
1551 2925 1644 2979 ire
1669 2925 1820 2979 vias.

901 3064 1365 3116 ALPHONSVS
1392 3065 1543 3116 REX
1570 3065 1966 3117 HISPANIAE

890 3135 1069 3177 VIXIT
1089 3137 1277 3180 ANNO
1303 3138 1427 3180 1250.
1450 3138 1607 3180 POST
1627 3138 1975 3181 CHRISTVM.

500 3211 675 3274 Quod
691 3212 894 3264 Labor
911 3213 973 3265 ἄ
988 3213 1268 3265 Studium
1287 3215 1559 3280 requuiS,
1583 3215 1691 3268 tibi
1709 3215 1966 3268 contulit
1981 3215 2220 3267 Aurum

636 3281 1087 3343 ALPHONSE,
1113 3285 1180 3335 vt
1199 3283 1387 3336 tantis
1408 3285 1819 3338 annumerfire
1841 3284 2020 3338 Viris.
2561 3301 2606 3336 35

2129 3353 2512 3411 NICOLAVS
