2748 4204
115 577 143 619 i·

120 802 142 837 5

103 1155 145 1192 10

103 1512 145 1548 15

102 2224 148 2260 25

105 2938 152 2974 ³5

108 3295 154 3331 40

987 350 1237 403 LIBER
1263 350 1589 404 PRIMUS
2327 357 2395 409 39

190 512 394 552 curare
408 496 563 549 velit.
579 494 825 559 Oportet
839 499 1039 545 autem
1053 495 1116 544 in
1129 492 1222 545 his
1236 495 1343 544 rite
1357 492 1711 557 penfitandis
1723 494 2198 548 Declinationem
2211 497 2394 562 Eclip·

190 573 318 624 ticae
346 570 671 620 maximam
700 564 1155 630 praesupponere
1185 564 1243 616 P.
1274 564 1359 616 23.
1392 564 1542 616 Min.
1574 564 1676 619 313.
1708 565 1947 630 qualem
1976 582 2086 619 nos
2114 567 2396 632 peculiari

190 639 450 706 quadam
474 640 718 697 ratione,
746 650 871 687 non
898 650 971 686 ex
997 634 1305 687 altitudine
1326 635 1478 687 Solis
1504 638 1768 688 maxima
1793 639 1856 688 in
1880 644 2127 702 vtroque
2149 638 2395 691 Solstitio

191 712 342 777 (haec
369 711 528 762 enim
553 709 752 773 praxis
772 707 847 759 ob
869 704 1299 759 Refrad'tionem
1326 706 1647 768 radiorum,
1676 723 1811 772 quae
1837 707 1901 760 fit
1922 708 2056 761 Sole
2081 712 2233 762 circa
2253 710 2396 762 Bru-

189 797 350 836 mam
379 780 608 839 decliui,
638 781 702 831 in
730 777 923 830 nostro
950 777 1282 830 Horizonte
1312 777 1505 829 deficit
1530 794 1567 830 a
1591 794 1734 830 vero
1763 778 1895 843 plus
1923 784 2221 844 quaternis
2248 780 2396 833 scru-

188 851 364 921 pulis)
380 851 692 916 aliquoties
707 849 974 915 pluribus
989 848 1243 914 Organis
1258 848 1792 913 depraehendimus.
1809 850 2145 903 Parallaxin
2160 868 2397 917 quoque

190 924 456 979 Solarem
474 922 691 987 vbique
711 919 1138 972 Altitudinibus
1159 919 1480 972 obseruatis
1501 920 1837 973 addendam
1858 923 1977 982 esse,
2006 938 2130 974 non
2152 922 2398 975 dubium

191 996 281 1056 est,
303 997 448 1060 quin
463 992 735 1047 Celfitud.
751 991 817 1044 T.
837 991 971 1044 satis
992 998 1359 1055 compertum
1379 990 1610 1043 habeat.
1634 990 2028 1045 Refrac'tiones
2043 993 2276 1060 insuper
2290 994 2398 1046 Ra-

191 1069 425 1122 diorum
444 1064 757 1124 Solarium,
785 1078 921 1128 quae
948 1062 1298 1115 decliuiores
1318 1062 1676 1115 Altitudines
1695 1066 1951 1115 maiores
1971 1063 2223 1117 senfibus
2243 1068 2398 1131 inge-

191 1144 342 1199 runt,
369 1151 552 1202 quam
571 1149 782 1203 reuera
802 1133 1050 1187 existunt
1076 1133 1277 1199 (idque
1298 1133 1374 1186 ob
1395 1133 1787 1199 Diaphanum
1806 1136 1980 1187 Aeris
2000 1136 2181 1200 paulo
2201 1139 2398 1189 minus

190 1208 559 1277 perspicuum
573 1205 898 1271 Diaphano
911 1205 1188 1266 AEtheriS‚
1209 1212 1269 1257 vt
1289 1207 1352 1257 in
1373 1205 1596 1270 Opticis
1617 1205 1747 1258 haec
1768 1206 2256 1271 demonstrantur)
2279 1211 2398 1260 eui-

190 1281 386 1335 tandae
411 1278 565 1339 sunt;
592 1277 912 1343 praesertim
931 1276 972 1328 fi
992 1276 1352 1329 Altitudines
1379 1276 1702 1330 obseruatae
1728 1280 1990 1330 minores
2015 1282 2184 1331 tertia
2203 1286 2305 1331 aut
2324 1279 2399 1331 ad

190 1352 485 1406 summum
511 1348 757 1402 dimidia
777 1348 1142 1413 Quadrantis
1167 1354 1331 1413 parte
1357 1347 1589 1401 fuerint.
1618 1348 1780 1401 Nam
1802 1349 1979 1414 vsque
2006 1352 2069 1401 in
2094 1349 2254 1402 hunc
2280 1350 2400 1402 fere

190 1425 509 1478 terminum
537 1417 968 1474 Refractionem
999 1418 1262 1484 aliquam
1296 1419 1734 1485 perceptibilem
1765 1419 1909 1481 fieri,
1942 1421 2226 1485 peculiari
2259 1437 2399 1486 qua-

193 1496 330 1549 dam
362 1492 639 1546 industria
671 1498 947 1557 expertus
977 1490 1121 1544 sum.
1163 1490 1301 1556 Quo
1334 1506 1476 1543 vero
1515 1491 1711 1544 adhuc
1748 1494 2053 1557 propiores
2085 1492 2401 1545 Horizonti

193 1565 470 1626 euadunt‚
501 1580 573 1617 eo
603 1566 780 1616 etiam
809 1565 1102 1615 maiorem
1129 1561 1559 1616 Refradtionem
1589 1563 1916 1625 causantur,
1948 1564 2098 1617 adeo
2124 1571 2185 1616 vt
2211 1564 2311 1617 Sol
2339 1566 2402 1616 in

192 1637 313 1705 ipso
343 1636 494 1690 Ortu
523 1635 575 1688 &
606 1634 848 1696 Occasu,
880 1637 1058 1687 etiam
1088 1637 1150 1686 in
1179 1635 1337 1686 Aere
1366 1635 1676 1700 purissim0,
1708 1635 1952 1688 dimidio
1982 1635 2057 1688 ad
2086 1639 2402 1688 minimum

191 1709 376 1776 gradu
402 1707 575 1761 altior
600 1713 899 1772 appareat,
928 1721 1111 1771 quam
1137 1708 1222 1758 rei
1247 1708 1463 1758 veritas
1489 1706 1772 1759 admittat.
1802 1706 1894 1759 Sic
1922 1710 2099 1759 etiam
2125 1710 2187 1759 in
2214 1707 2400 1767 Luna,

193 1778 527 1844 caeterisque
547 1778 819 1839 PlanetiS,
842 1777 894 1830 &
913 1777 1108 1830 affixis
1123 1776 1423 1830 Sideribus
1442 1793 1546 1842 per
1561 1776 1990 1831 Refractionem
2011 1794 2146 1830 cum
2166 1778 2401 1830 decliui-

195 1867 325 1906 ores
343 1850 489 1912 sunt,
511 1865 720 1902 eorum
734 1849 1092 1902 Altitudines
1108 1848 1160 1900 &
1174 1848 1619 1901 Declinationes
1639 1865 1898 1914 veraque
1918 1849 2051 1902 loca
2070 1849 2401 1914 aliquantu-

193 1923 319 1976 lum
330 1924 652 1975 variantur.
675 1920 878 1986 Quare
891 1923 955 1973 in
969 1919 1386 1973 humilioribus
1400 1915 1890 1989 Alti-ntudinibus,
1911 1920 1952 1972 fi
1968 1920 2296 1986 scrupulose
2311 1936 2402 1973 res

193 1992 495 2048 tractanda
521 1992 601 2054 fit,
631 2008 755 2045 non
783 1995 1039 2046 nimium
1069 1995 1176 2045 erit
1207 1991 1732 2045 obseruationibus
1761 1991 2082 2045 fidendum.
2113 1992 2404 2045 Praeterea

194 2065 447 2119 multum
472 2064 716 2126 interest,
744 2063 959 2130 quibus
984 2064 1179 2116 modis
1204 2063 1548 2128 AEquatoris
1575 2064 1650 2116 ad
1677 2064 2071 2116 Horizontem
2100 2064 2403 2116 inclinatio

194 2141 258 2190 in
281 2136 412 2190 loco
434 2135 876 2190 obseruationis
897 2134 1280 2201 depraehensa
1305 2135 1383 2187 fit.
1412 2135 1575 2187 Nam
1601 2151 1705 2200 per
1726 2135 1877 2188 Solis
1897 2135 2253 2188 Altitudines
2275 2135 2403 2187 Me-

195 2209 471 2269 ridianaS,
498 2207 630 2260 licet
655 2210 718 2260 in
742 2215 991 2272 vtroque
1013 2206 1278 2267 SolstitiO,
1306 2205 1569 2259 adhibita
1596 2209 1774 2259 etiam
1795 2206 2089 2259 Parallaxi
2115 2209 2403 2271 accipian-

194 2287 304 2342 tur,
331 2280 406 2333 ob
427 2276 858 2332 Resrad'tionem
886 2279 981 2344 (de
1008 2294 1128 2344 qua
1154 2278 1298 2342 dixi)
1326 2280 1389 2330 in
1410 2278 1676 2330 Brumali
1697 2278 2028 2331 decliuitate
2052 2278 2164 2330 sese
2190 2277 2403 2330 infinu-

196 2358 411 2412 antem,
432 2366 816 2416 nequaquam
836 2353 1139 2417 negotium
1156 2349 1271 2402 hoc
1287 2365 1358 2402 ea
1373 2366 1493 2415 qua
1506 2366 1614 2415 par
1629 2349 1703 2402 est
1717 2349 2056 2414 praecifione
2071 2349 2404 2402 absoluitur.

198 2422 689 2477 Consultissimum
717 2426 917 2488 itaque
947 2421 1121 2474 fuerit
1147 2422 1274 2474 Poli
1303 2421 1717 2474 sublimitatem
1747 2437 1820 2474 ex
1845 2421 1966 2487 ipsa
1992 2421 2186 2474 Polari
2213 2421 2407 2481 Stella,

198 2510 332 2548 cum
353 2493 428 2547 est
446 2496 510 2547 in
526 2493 854 2547 Altitudine
868 2496 1134 2547 maxima
1149 2493 1201 2545 &
1214 2496 1481 2554 minima,
1503 2493 1746 2545 studiose
1766 2496 2120 2558 perquirere.
2143 2493 2229 2545 Ea
2250 2495 2409 2544 enim

198 2581 333 2619 cum
351 2565 663 2619 mediocris
683 2568 746 2617 in
764 2565 1171 2631 magnitudine
1191 2564 1437 2629 satisque
1457 2564 1761 2630 perspicua
1786 2564 1864 2625 fit,
1896 2564 1949 2616 &
1974 2580 2229 2629 paruum
2256 2566 2409 2615 circa

197 2637 407 2691 Polum
427 2637 707 2690 describat
721 2636 1047 2698 Circulum‚
1069 2652 1178 2689 nec
1199 2637 1274 2689 ob
1296 2637 1354 2688 id
1370 2636 1688 2688 Horizonti
1708 2642 1938 2688 tantum
1959 2638 2406 2700 appropinquet,

196 2715 257 2762 vt
270 2707 559 2762 Refraclio
574 2708 777 2774 aliqua
790 2724 995 2761 veram
1009 2708 1402 2760 Altitudinem
1416 2711 1700 2767 immutet,
1719 2710 1782 2759 in
1796 2707 1907 2759 hac
1922 2707 2253 2772 Pragmatia
2267 2709 2410 2758 citra

198 2796 439 2833 omnem
466 2795 726 2833 errorem
752 2779 1129 2840 absoluenda‚
1158 2795 1340 2845 quam
1367 2779 1825 2832 commodissima
1851 2778 1941 2830 est.
1970 2778 2030 2831 Si
2056 2781 2254 2842 itaque
2277 2777 2410 2829 Tua

199 2850 511 2913 Celfitudo,
533 2851 586 2904 &
605 2851 785 2904 huius
799 2851 1025 2904 Polaris
1046 2850 1339 2916 (inquam)
1363 2850 1558 2903 Stellae
1573 2850 1963 2902 Altitudinem
1976 2852 2302 2902 maximam
2314 2847 2410 2900 vel

198 2925 526 2985 minimam,
556 2923 797 2989 reliquis
826 2922 1351 2976 obseruationibus
1378 2922 1635 2987 adiungi,
1665 2937 1879 2986 meque
1908 2922 1978 2973 de
2006 2936 2078 2973 ea
2104 2922 2409 2973 certiorem

199 2995 362 3048 reddi
388 2997 698 3055 curauerit,
725 2994 924 3047 fecerit
950 3010 1077 3047 rem
1102 2994 1250 3047 mihi
1277 2994 1602 3046 admodum
1630 3000 1982 3057 exoptatam.
2012 2992 2103 3045 Sic
2131 2994 2291 3044 enim
2311 2991 2408 3043 ad-

198 3065 383 3119 hibita
407 3065 584 3132 ipfius
605 3081 642 3118 a
660 3066 806 3118 Polo
833 3065 1100 3119 distantia
1128 3066 1286 3130 (quae
1313 3065 1427 3117 hoc
1448 3066 1630 3117 Anno
1655 3080 1727 3116 ex
1750 3063 1953 3116 nostris
1975 3063 2410 3117 obseruationi-

198 3136 308 3190 bus
329 3137 404 3190 est
422 3144 568 3203 part.
583 3137 633 3190 2.
649 3140 857 3190 minut.
873 3138 958 3190 55.
975 3137 1206 3190 secund.
1222 3136 1313 3200 50)
1330 3137 1406 3189 ad
1422 3134 1831 3188 exactissimam
1845 3134 1971 3187 Poli
1987 3134 2038 3187 &
2052 3134 2409 3199 AEquatoris,

201 3211 328 3261 eius
347 3208 462 3262 loci
481 3211 543 3261 in
558 3224 679 3275 quo
692 3208 826 3262 Tua
840 3209 1137 3262 Celfitudo
1154 3208 1609 3261 Obseruationes
1624 3207 1755 3260 suas
1770 3206 1899 3258 fieri
1912 3212 2187 3271 procurat
2203 3205 2410 3257 Eleua-

200 3282 439 3342 tionem,
459 3281 859 3333 indubitanter
875 3283 1311 3346 perueniemuS,
1334 3279 1386 3331 &
1407 3280 1478 3332 de
1494 3278 2005 3331 Declinationibus
2020 3277 2188 3338 Solis,
2211 3275 2410 3329 Stella-

201 3366 452 3417 rumque
473 3352 881 3405 certitudinem
901 3359 1109 3412 ratam,
1130 3352 1311 3404 modo
1326 3350 1712 3403 Instrumenta
1733 3348 1883 3402 recte
1904 3349 1959 3401 se
1980 3348 2254 3407 habeant,
2277 3362 2411 3399 con-

202 3421 516 3476 stituemus
540 3422 917 3489 Quapropter
936 3423 977 3475 fi
999 3422 1272 3476 Celfitud.
1292 3422 1424 3474 Tua
1446 3438 1516 3474 ea
1538 3422 1632 3486 (de
1654 3420 1867 3486 quibus
1887 3423 2007 3472 iam
2028 3419 2170 3483 dixi)
2193 3420 2411 3476 omnia,

202 3493 468 3547 videlicet
480 3494 818 3547 Parallaxin
830 3494 998 3555 Solis,
1012 3495 1347 3559 assignatam
1360 3493 1837 3545 Declinationem
1848 3494 2189 3550 maximam,
2204 3489 2255 3541 81
2264 3504 2410 3611 gig:-

2302 3575 2320 3610 1
2376 3574 2411 3610 a
