2748 4204
351 366 403 416 14
694 362 1297 415 EPISTOLARUM
1325 360 2156 415 ASTRONOMICARUM

353 502 595 562 vitabat,
617 503 716 553 vel
725 499 775 565 si
789 515 904 553 nec
922 500 987 551 id
996 497 1193 565 posset,
1210 514 1329 565 per
1338 499 1583 554 Literas
1600 501 1817 554 crebro
1836 499 1910 551 de
1931 496 2310 550 difficillimis
2325 497 2499 561 Ouae-

342 569 634 634 ftionibus
653 569 936 622 cumillis
956 569 1325 621 conferebat.
1356 569 1589 635 Quodsi
1605 584 1717 623 eas
1737 571 1973 622 tantum
1991 564 2290 633 Epistolas
2314 566 2415 619 edi
2435 566 2500 618 in

344 639 655 705 publicum
676 639 1001 704 aliquando
1021 638 1351 705 contingat,
1381 652 1535 703 quas
1559 640 1639 706 ijs
1665 640 1739 692 de
1763 638 1950 691 rebus
1973 638 2054 689 ad
2071 636 2287 697 virum,
2316 636 2378 688 <ir
2391 650 2499 703 ge-

350 723 513 770 nere,
549 709 610 760 &
627 707 886 773 scientia
917 708 1357 760 Mathematica
1385 707 1814 773 Nobilissimum
1851 707 2197 774 Tychonem
2227 720 2264 757 a
2291 706 2500 758 Brahe

349 779 594 830 Danum
613 776 883 842 subinde,
912 777 1206 829 extremis
1230 777 1498 830 maxime
1524 778 1708 830 annis
1731 775 1895 842 misit,
1925 777 2028 828 Vel
2049 775 2191 828 inde
2216 772 2504 839 constabit
2549 792 2571 826 5

351 845 697 912 Posteritati,
721 861 902 913 quam
921 844 1261 911 industrius,
1284 861 1466 912 quam
1486 847 1862 901 exercitatus
1882 845 2082 907 fuerit,
2112 847 2405 911 quantum
2425 845 2506 896 ad

359 917 718 968 Tabularum
733 914 1288 980 Astronomicarum
1312 917 1611 970 tollendos
1630 931 1892 977 errore-5,
1914 916 1995 967 ad
2011 917 2148 967 loca
2170 914 2502 966 Stellarum

351 983 622 1039 exactius
648 983 1083 1052 cognoscenda,
1109 984 1419 1050 laboriosis
1435 985 1569 1052 suis
1597 984 2137 1052 Observationibus
2162 982 2500 1036 contulerit.

349 1052 746 1119 Instrumenta
768 1053 877 1119 sibi
903 1058 1374 1120 comparaverat
1395 1056 1678 1121 plurima,
1701 1052 2136 1121 supellectilem
2162 1054 2502 1106 Mathema-

351 1124 534 1177 ticam
553 1124 767 1176 habuit
783 1122 1294 1190 exquifitissimam,
1325 1124 1654 1190 Speculam
1675 1123 1820 1177 huic
1841 1122 1974 1189 usui
1991 1122 2262 1176 extruxit
2272 1121 2502 1188 peculi·
2555 1138 2596 1173 ιο

351 1208 536 1255 arem,
563 1191 914 1260 intempesta
931 1191 1100 1259 saepe
1121 1191 1308 1255 nocte,
1330 1190 1351 1261 ΙΙ
1363 1193 1579 1259 somno
1598 1195 1954 1259 interrupta
1981 1192 2046 1244 in
2071 1192 2287 1245 eadem
2307 1189 2503 1256 Aftro·
2534 1201 2608 1256 ):(r

348 1278 485 1316 rum
498 1262 905 1330 speculationi
918 1263 1192 1315 vacabat.
1215 1264 1300 1315 Ita
1319 1264 1414 1315 ille
1435 1266 1505 1316 de
1525 1264 1967 1329 praestantissimo
1981 1263 2258 1326 Principe,
2281 1261 2332 1312 8(
2350 1277 2502 1321 vere,

350 1334 401 1385 8(
425 1333 789 1385 laudabiliter
814 1333 990 1384 verba
1013 1332 1157 1384 fecit.
1189 1333 1234 1384 E
1260 1334 1468 1396 quibus
1494 1335 1688 1398 liquet,
1714 1337 1862 1384 inter
1887 1333 2004 1385 alia
2029 1331 2305 1396 Epistolas
2330 1334 2503 1383 etiam

350 1404 419 1455 de
445 1402 553 1454 hac
579 1403 803 1454 sublimi
823 1403 1206 1453 Astronomiae
1232 1403 1457 1455 cultura
1481 1403 1554 1455 ab
1580 1403 1831 1455 Illustriss.
1856 1410 1957 1453 tuo
1983 1402 2224 1453 Parente
2249 1401 2396 1452 mihi
2420 1403 2503 1452 in-

348 1473 593 1536 scriptaS‚
621 1474 656 1522 a
680 1475 815 1524 viris
836 1473 1101 1532 EruditiS,
1127 1473 1391 1536 adeoque
1417 1474 1489 1525 ab
1515 1473 1644 1537 ipfis
1664 1472 1858 1524 vestrae
1886 1473 2118 1523 ditionis
2138 1470 2504 1535 praestantissi-
2558 1488 2598 1522 15

349 1545 457 1593 mis
490 1542 805 1605 quibusque
837 1542 1004 1593 avide
1037 1545 1239 1605 expeti,
1273 1542 1339 1601 8(,
1373 1550 1436 1594 ut
1467 1546 1529 1593 in
1558 1542 1856 1606 publicum
1889 1542 2148 1600 edantur,
2185 1540 2503 1592 desiderari.

351 1611 524 1674 Quod
551 1611 601 1662 8(
625 1614 686 1662 in
711 1618 811 1663 tuo
837 1611 1024 1675 ipfiuS,
1052 1611 1103 1662 8(
1128 1611 1379 1663 aliorum
1398 1613 1705 1663 Illustrium
1724 1614 1984 1662 virorum
2010 1610 2255 1662 consessu
2279 1610 2505 1674 publice

350 1684 751 1745 pronunciare,
782 1681 832 1731 8(
860 1681 1060 1739 testari,
1091 1681 1327 1732 celebris
1356 1682 1451 1733 ille
1479 1682 1691 1734 Orator
1718 1689 1851 1733 tuus
1880 1696 2000 1732 non
2030 1680 2340 1732 dubitabat.
2372 1679 2507 1742 Qua

352 1754 525 1803 etiam
551 1751 620 1802 de
647 1752 830 1803 caussa
855 1766 1058 1802 earum
1082 1751 1535 1815 publicationem
1561 1752 1712 1815 (licet
1737 1751 1898 1811 aliaS,
1925 1751 2109 1802 donec
2134 1757 2320 1802 totum
2344 1750 2505 1801 volu-

350 1836 486 1872 men
524 1821 593 1872 de
630 1820 740 1872 hac
772 1820 1069 1884 Epistolari
1105 1824 1348 1873 materia
1385 1822 1783 1886 compleretur,
1820 1836 2051 1872 mecum
2088 1820 2507 1872 conservandas
2555 1836 2601 1871 20

351 1890 659 1953 statuerim)
681 1906 801 1943 non
821 1891 1034 1942 diutius
1055 1890 1435 1943 differendam
1455 1892 1662 1943 censui.
1690 1891 1804 1943 Cui
1823 1893 1962 1942 vero
1982 1893 2189 1954 potius,
2211 1905 2390 1954 quam
2407 1889 2508 1941 tibi

351 1961 458 2012 has
471 1960 898 2013 Astronomicas
913 1960 1187 2025 Epistolas
1206 1961 1585 2021 inscriberem,
1607 1977 1728 2013 non
1743 1963 1946 2025 reperi,
1968 1975 2101 2012 cum
2114 1961 2295 2012 Patris
2309 1961 2506 2024 potissi-

350 2046 514 2081 mum
539 2033 870 2082 contineant
890 2031 1124 2090 Literas‚
1150 2031 1243 2082 vel
1262 2031 1303 2082 fi
1322 2047 1467 2094 quas
1490 2032 1652 2091 alias,
1680 2033 1804 2082 eius
1829 2037 2026 2082 tamen
2045 2029 2430 2089 Authoritate,
2457 2028 2509 2080 8(

350 2099 485 2151 hinc
505 2099 727 2165 sumpta
747 2100 1040 2152 occasione
1060 2100 1305 2165 scriptas,
1327 2101 1417 2153 Sic
1437 2104 1595 2152 enim
1609 2101 1764 2164 apud
1778 2100 2062 2159 EruditOS,
2082 2100 2346 2163 adeoque
2360 2099 2508 2163 ipsos

350 2170 604 2221 Posteros
637 2169 699 2233 (fi
730 2185 876 2233 quos
907 2170 1121 2221 horum
1152 2186 1290 2222 cura
1321 2171 1534 2235 tanget)
1573 2173 1875 2222 certiorem
1905 2169 2080 2221 fidem
2111 2169 2506 2221 merebuntur:
2556 2186 2601 2220 25

350 2239 627 2303 siquidem
658 2239 758 2303 ipfi
788 2239 933 2291 Filio
962 2240 1236 2291 Paternas
1265 2241 1483 2292 Literas
1516 2240 1722 2292 offerre
1754 2256 1875 2291 non
1907 2240 2231 2291 dubitarim.
2265 2239 2426 2303 Quin
2457 2238 2509 2290 8(

351 2324 553 2360 earum
578 2312 639 2362 in
663 2309 931 2361 Archivis
959 2310 1340 2362 Cancellariae
1365 2310 1561 2362 vestrae
1589 2310 1944 2374 exemplaria
1969 2308 2160 2361 adhuc
2185 2309 2509 2361 conservari

350 2394 470 2430 non
491 2379 563 2431 est
584 2380 845 2431 dubium:
872 2380 1037 2431 Vnde
1057 2395 1151 2430 me
1172 2379 1319 2431 nihil
1336 2383 1398 2431 in
1418 2380 1514 2431 his
1528 2381 1598 2431 de
1618 2396 1751 2432 meo
1771 2379 2138 2431 interseruisse
2166 2379 2345 2443 (quod
2364 2378 2509 2431 alias
2557 2383 2584 2424 †

350 2463 451 2512 per
475 2448 529 2499 se
554 2448 718 2500 nefas
742 2449 939 2512 fuisset)
970 2451 1158 2513 quivis
1183 2449 1349 2501 facile
1379 2450 1618 2514 colliget.
1649 2450 1877 2502 Deinde
1903 2451 2124 2500 nemini
2151 2449 2509 2501 Eruditissimi

351 2519 627 2582 Principis
648 2519 912 2570 Eruditas
937 2519 1146 2579 literas,
1174 2535 1352 2583 quam
1372 2520 1534 2580 Filio,
1561 2535 1682 2571 non
1707 2519 1905 2571 saltem
1924 2520 2306 2572 Paternorum
2329 2518 2507 2570 bono·
2557 2535 2603 2570 30

350 2603 479 2640 rum
506 2587 746 2648 haeredi;
773 2588 867 2640 sed
887 2589 937 2640 8(
958 2590 1211 2649 VirtutiS,
1233 2597 1406 2653 atque
1428 2589 1780 2641 Eruditionis
1799 2590 2061 2641 Paternae
2086 2589 2389 2649 successori,
2416 2589 2508 2640 de·

351 2659 540 2710 dicare
554 2658 738 2710 visum
751 2658 872 2710 fuit.
894 2660 1049 2711 Licet
1069 2662 1225 2710 enim
1245 2675 1366 2711 non
1386 2660 1534 2711 adeo
1555 2675 1626 2711 ex
1644 2659 1881 2723 professo
1895 2659 2278 2711 Astronomiae
2298 2654 2319 2726 ΙΙ
2338 2673 2509 2722 pene-
2540 2667 2620 2723 ):(v

349 2728 517 2780 tralia
548 2729 937 2793 pervestigare,
978 2737 1031 2780 et
1062 2737 1182 2780 tam
1214 2729 1514 2794 operosam
1545 2730 1748 2781 Artem
1779 2731 2030 2793 penitius
2061 2729 2339 2789 excolere,
2377 2728 2509 2781 aliae

351 2797 542 2857 Curae,
576 2798 807 2862 aliaque
840 2802 1109 2850 exercitia
1140 2799 1241 2850 tibi
1271 2802 1602 2862 permittant
1639 2799 1956 2863 (siquidem,
1987 2799 2152 2850 Vnus
2182 2814 2288 2863 par
2317 2798 2511 2863 studijs

351 2868 621 2919 omnibus
642 2870 742 2919 esse
763 2868 983 2932 nequit)
1004 2876 1201 2921 tamen
1215 2870 1266 2921 8(
1280 2869 1371 2920 his
1385 2884 1814 2933 nonnunquam
1827 2869 2079 2921 iucunde
2093 2875 2147 2920 te
2161 2867 2330 2928 affici,
2351 2867 2510 2920 haud
2558 2885 2604 2920 35

350 2938 595 3002 ambigo.
623 2938 781 2988 Nam
807 2939 858 2990 &
884 2939 1278 2999 Instrumenta,
1305 2941 1340 2990 a
1366 2940 1608 2991 Parente
1635 2942 1696 2990 in
1721 2938 1897 2990 huius
1922 2938 2218 3002 praeclarae
2244 2939 2509 2990 Artisre-

350 3007 756 3059 staurationem
776 3008 1086 3060 liberaliter
1104 3025 1206 3072 per
1225 3010 1468 3060 idoneos
1487 3008 1753 3060 Artifices
1773 3006 2044 3069 extructa,
2072 3010 2392 3060 etiamnum
2411 3009 2512 3060 tua

352 3079 490 3128 cura
514 3075 692 3128 sardia
717 3076 863 3129 tecta
888 3078 1227 3138 conservari,
1255 3078 1306 3129 8(
1333 3082 1433 3142 qui
1453 3081 1523 3143 ijs
1541 3094 1644 3142 per
1664 3081 2115 3142 oportunitatem
2134 3085 2385 3138 utantur,
2411 3079 2512 3130 tua

351 3147 689 3198 liberalitate
715 3147 1020 3207 sustentari,
1047 3148 1413 3211 perlubenter
1438 3149 1849 3200 inaudivimus.
1877 3149 1944 3199 In
1964 3163 2081 3212 quo
2104 3150 2279 3200 etiam
2303 3162 2510 3212 propo-

351 3216 468 3275 fito,
496 3216 546 3267 8(
572 3217 698 3268 utili
722 3217 1061 3280 provisione,
1089 3225 1151 3269 ut
1177 3218 1494 3270 constanter
1518 3218 1858 3282 persevereS,
1887 3218 2163 3269 summisse
2192 3217 2509 3270 hortamur..
2560 3233 2605 3268 4ο

353 3286 655 3348 Quantum
679 3302 818 3338 vero
844 3285 1164 3351 profedtum
1189 3290 1250 3339 in
1276 3288 1405 3352 alijs
1430 3287 1762 3339 liberalibus
1788 3288 2040 3347 ArtibuS,
2067 3287 2380 3351 praesertim
2404 3286 2510 3338 Hi-

352 3356 651 3407 storiarum
680 3359 1003 3421 cognitione
1031 3357 1081 3408 8(
1107 3358 1357 3421 Linguis,
1387 3357 1604 3416 seceriS,
1634 3360 1888 3421 apertius
1917 3357 2360 3422 quamplurimis
2357 3371 2510 3479 d{ier-

2260 3426 2354 3491 spe
2410 3441 2512 3479 um
