2730 4212
182 442 316 502 AD
346 439 1005 502 EPISTOLARUM
1033 439 1945 501 ASTRONOMICARUM
1976 439 2341 500 LIBRUM

1062 535 1468 595 PRIMUM.

318 649 480 701 UJUS
501 649 633 700 libri,
659 648 747 702 qui
766 647 964 691 summi
983 647 1135 702 pretii
1155 650 1235 691 est
1254 650 1307 690 et
1326 648 1395 690 ad
1414 648 1681 702 Tychonis
1702 649 2097 703 aequaliumque
2118 649 2228 703 eJus
2250 661 2370 703 ope-

348 733 465 763 ram
491 723 635 763 recte
662 719 1037 762 aestimandam
1062 719 1351 773 plurimum
1377 720 1519 762 valet
1545 722 1597 762 et
1622 731 1748 762 cum
1774 719 1919 762 libris
1945 720 2042 762 illis
2069 720 2276 763 duobus
2304 721 2370 763 de

160 803 302 835 nova
321 793 472 834 stella
493 794 544 834 et
563 792 629 834 de
649 793 863 834 cometa
884 790 1007 833 anni
1031 791 1143 833 1577
1165 790 1366 844 optimo
1383 790 1499 845 jure
1520 791 1918 844 comparandus
1939 794 2033 843 est,
2055 791 2214 834 editio
2235 791 2371 845 prin-

160 875 285 917 ceps
302 862 619 917 Uraniburgi
639 862 833 916 prodiit
852 874 899 904 a.
927 860 1054 904 1596.
1076 861 1389 916 Tychonem
1409 861 1551 904 enim
1572 861 1815 905 hortatus
1835 866 1951 905 erat
1966 862 2228 906 Henricus
2243 864 2371 906 Ran-

158 934 360 985 zovius,
388 936 445 976 ut
471 934 721 988 epistulas
746 933 846 975 has
871 932 1012 988 typis
1039 933 1416 976 describendas
1443 936 1655 975 curaret
1680 932 1766 989 (cf.
1789 933 1945 988 hujus
1970 934 2103 977 tomi
2128 946 2177 988 p.
2199 934 2291 990 30),
2319 937 2371 977 et

153 1005 267 1060 jam
294 1008 416 1048 ante
437 1017 484 1047 a.
511 1004 624 1047 1590
651 1016 783 1058 opus
811 1015 1086 1059 aggressus
1113 1015 1229 1047 esse
1249 1003 1472 1055 videtur,
1501 1015 1627 1046 cum
1654 1004 1758 1047 hoc
1787 1016 1927 1048 anno
1955 1006 2229 1059 exemplar
2255 1006 2373 1048 libri

158 1076 471 1131 paginarum
491 1076 669 1119 49—56
691 1075 904 1130 Magino
925 1076 1068 1118 dono
1090 1075 1299 1118 dedisse
1320 1074 1547 1118 Gellium
1568 1075 1918 1127 Sasceridem‚
1942 1076 2257 1130 discipulum
2277 1077 2373 1130 Ty-

161 1148 362 1198 chonis,
391 1147 644 1190 Bononiae
663 1150 984 1198 versantem,
1013 1158 1079 1189 ex
1106 1147 1329 1201 epistula
1355 1146 1492 1188 illius
1516 1150 1740 1201 apparet
1757 1145 2069 1203 (Carteggio
2089 1147 2297 1190 inedito
2317 1147 2375 1190 di

165 1219 366 1261 Ticone
386 1218 572 1261 Brahe
595 1250 748 1260 .....
772 1228 875 1261 con
900 1216 1180 1261 Giovanni
1197 1216 1441 1260 Antonio
1459 1216 1675 1271 Magim·
1693 1218 1774 1261 ed.
1797 1219 1857 1260 A.
1875 1218 2080 1262 Favaro
2102 1218 2373 1275 [Bononiae

164 1290 293 1347 1886]
314 1302 362 1344 p.
385 1290 505 1347 233).
535 1290 680 1333 Sicut
699 1293 1004 1333 ceterorum
1023 1289 1284 1332 librorum
1302 1289 1570 1343 Tychonis
1589 1289 1746 1345 hujus
1768 1301 1980 1343 quoque
1999 1290 2127 1333 satis
2149 1302 2373 1344 magnus

160 1373 412 1404 numerus
439 1362 808 1416 exemplorum
835 1360 1060 1403 emissus
1087 1364 1180 1403 est.
1209 1361 1284 1402 Ex
1309 1360 1398 1403 illo
1425 1360 1567 1403 enim
1592 1360 1765 1403 indice
1790 1364 1920 1403 tom.
1944 1361 1989 1403 II
2011 1373 2059 1416 p.
2082 1361 2165 1403 441
2191 1362 2370 1413 allato,

161 1432 249 1486 qui
268 1444 551 1475 numerum
572 1432 785 1475 exhibet
805 1433 1175 1486 exemplorum
1189 1431 1456 1486 Tychonis
1477 1431 1735 1475 librorum
1751 1435 1995 1487 tempore
2009 1433 2170 1487 ipsius
2184 1433 2372 1476 mortis

161 1503 497 1555 exstantium,
521 1516 567 1546 a.
595 1503 702 1546 1601
728 1504 930 1558 reliqua
950 1503 1111 1547 fuisse
1131 1503 1480 1558 intellegimus
1505 1503 1877 1558 »Epistolarum
1898 1503 1984 1547 lib.
2002 1505 2023 1546 Ι
2040 1507 2183 1559 gutte
2198 1516 2373 1547 exem-

159 1575 328 1629 plaria
343 1574 445 1626 820,
468 1575 848 1630 mittelmessige
868 1575 976 1618 vnd
996 1575 1121 1618 bose
1141 1575 1430 1629 vngezalt«.
1456 1574 1589 1618 Haec
1610 1575 1911 1618 vendidisse
1932 1575 2156 1619 heredes
2170 1576 2374 1630 Tycho-

160 1646 239 1689 nis
253 1646 498 1689 videntur
511 1646 713 1689 Levino
730 1646 916 1690 Hulsio
933 1646 1380 1701 Norimbergensi‚
1402 1646 1647 1700 scriptori
1669 1658 1732 1689 ac
1755 1646 2060 1701 bibliopolae
2078 1647 2205 1690 satis
2219 1651 2369 1699 not0;

160 1718 412 1760 nonnulla
442 1717 584 1760 enim
614 1719 860 1772 exempla
889 1718 1031 1761 hunc
1060 1718 1272 1760 titulum
1300 1717 1542 1772 praebent
1574 1717 1911 1772 »Noribergae
1942 1719 2084 1773 apud
2111 1719 2373 1762 Levinum

162 1788 408 1831 Hulsium
429 1789 645 1832 MDCI«.
678 1789 788 1833 Nec
814 1789 995 1832 titulus
1019 1790 1210 1841 solum,
1238 1789 1333 1832 sed
1351 1791 1494 1832 totus
1516 1789 1793 1843 quaternio
1814 1790 2018 1844 primus
2038 1790 2213 1834 denuo
2233 1791 2373 1846 typis

161 1859 456 1914 descriptus
482 1863 583 1912 est;
611 1861 826 1914 quando
849 1863 1030 1904 autem
1051 1860 1427 1914 quaterniones
1448 1860 1539 1902 LL
1559 1863 1610 1903 et
1632 1861 1744 1902 MM
1766 1861 1870 1917 (pp.
1893 1860 2148 1919 265—280)
2168 1873 2375 1906 correc-

158 1930 320 1974 tiores
346 1930 470 1974 editi
495 1931 612 1982 sint,
642 1932 816 1975 minus
843 1934 1036 1984 elucet3
1066 1945 1194 1975 nam
1214 1932 1328 1987 jam
1355 1931 1409 1974 in
1435 1931 1677 1974 editionis
1704 1932 1952 1986 principis
1979 1933 2236 1987 exemplis
2260 1933 2374 1976 aliis

162 2002 311 2045 aliter
331 2002 455 2045 editi
475 2002 529 2044 hi
550 2006 685 2046 sunt.
707 2004 829 2046 Post
849 2007 1079 2047 mortem
1098 2003 1268 2046 Hulsii
1287 2003 1550 2057 exempla,
1573 2014 1695 2056 quae
1715 2004 2004 2055 restabant,
2026 2004 2162 2047 sicut
2176 2008 2375 2048 cetero-

161 2086 280 2116 rum
302 2085 514 2127 quoque
538 2085 762 2128 operum
781 2075 1064 2130 Tychonis,
1095 2074 1385 2118 Godefrido
1405 2074 1735 2128 Tampachio
1756 2075 2185 2119 Francofurtensi
2204 2076 2375 2119 venie-

160 2148 296 2196 runt,
329 2145 417 2199 qui
446 2158 494 2188 a.
530 2145 643 2188 1610
671 2145 783 2200 ipse
814 2158 1025 2200 quoque
1053 2146 1265 2189 titulum
1295 2149 1347 2188 et
1375 2145 1608 2200 primum
1639 2146 2043 2199 quaternionem
2073 2147 2372 2198 renovavit;

161 2216 280 2259 haec
308 2217 483 2268 editio,
513 2217 662 2272 cujus
688 2217 740 2259 in
765 2217 916 2261 titulo
943 2218 1164 2272 legimus
1194 2217 1671 2272 »Imprimebantur
1690 2217 2006 2273 Vraniburgi
2026 2218 2231 2270 Daniae,
2259 2230 2376 2273 pro-

160 2291 302 2330 stant
321 2288 357 2330 F
359 2288 651 2331 rancofurti
672 2289 814 2343 apud
837 2288 1187 2332 Godefridum
1206 2288 1610 2342 Tampachium.
1635 2289 1893 2341 MDCX.«‚
1923 2301 2062 2332 nunc
2090 2291 2259 2333 multo
2281 2302 2376 2333 sae-

161 2359 278 2413 pius
299 2359 531 2402 occurrit
551 2371 714 2413 quam
735 2363 946 2403 ceterae.
975 2360 1158 2414 Imago
1179 2359 1461 2414 Tychonis,
1485 2372 1648 2413 quam
1669 2372 1767 2403 nos
1787 2360 1839 2402 in
1860 2372 2051 2403 aversa
2070 2361 2204 2404 tituli
2224 2365 2376 2416 parte

164 2430 422 2481 dedimuS,
452 2442 720 2484 quamque
740 2430 954 2485 respicit
973 2431 1206 2485 primum
1228 2431 1344 2474 libri
1365 2430 1713 2485 epigramma,
1741 2431 1793 2473 in
1821 2431 2140 2486 quibusdam
2166 2435 2375 2475 tantum

163 2502 420 2556 exemplis
447 2502 687 2545 editionis
713 2502 963 2557 principis
990 2503 1267 2545 invenitur.
1299 2503 1540 2545 Alterum
1568 2514 1781 2556 quoque
1806 2503 2152 2557 epistularum
2181 2504 2375 2547 librum

162 2573 345 2627 Tycho
367 2573 608 2616 emittere
630 2573 810 2616 animo
830 2574 1083 2616 volvebat
1103 2585 1167 2617 ac
1188 2585 1246 2617 re
1266 2586 1396 2617 vera
1416 2577 1655 2628 coeperat
1673 2574 1814 2628 typis
1841 2574 2162 2627 describere;
2194 2578 2248 2617 at
2274 2575 2377 2618 edi-

162 2644 362 2687 tionem
384 2644 651 2687 conficere
671 2645 1082 2699 supersederunt
1106 2645 1345 2689 heredes.
1376 2645 1455 2687 De
1475 2645 1578 2687 hac
1600 2657 1657 2688 re
1679 2657 1897 2700 agemus
1917 2646 1970 2688 in
1989 2649 2119 2689 tom.
2142 2646 2253 2689 VII.
2282 2647 2377 2689 Per

162 2718 336 2759 totum
357 2718 536 2758 autem
557 2715 699 2758 hunc
720 2716 913 2758 librum
933 2716 986 2758 in
1005 2716 1229 2759 summis
1248 2716 1450 2771 paginis
1471 2715 1691 2770 legimus
1713 2716 2004 2771 »Tychonis
2019 2717 2190 2759 Brahe
2205 2717 2318 2760 Lib.
2336 2717 2373 2759 I.

164 2787 517 2840 Epistolarvm
538 2787 1067 2830 astronomicarvm«.

235 2858 482 2911 Epistulae
503 2858 606 2900 hoc
627 2861 777 2901 tomo
799 2858 955 2901 editae
975 2858 1134 2901 scribi
1155 2861 1349 2912 coeptae
1370 2861 1490 2901 sunt
1511 2871 1558 2900 a.
1586 2858 1713 2910 1585,
1739 2859 1833 2901 sed
1847 2860 1962 2914 jam
1985 2872 2031 2902 a.
2059 2859 2170 2902 1575
2191 2859 2377 2902 famili-

165 2928 327 2971 aritas
356 2929 728 2971 intercesserat
755 2929 994 2983 Tychoni
1023 2940 1150 2972 cum
1180 2929 1442 2972 Guilelmo
1470 2929 1556 2981 IV,
1590 2929 1798 2972 Hassiae
1828 2930 2182 2985 Landgravio‚
2215 2942 2376 2984 quern

164 3000 253 3042 illo
280 3012 420 3043 anno
448 3000 690 3042 Cassellis
717 3003 1042 3043 convenerat
1067 3000 1190 3057 (vid.
1213 3000 1368 3055 hujus
1393 3001 1526 3043 tomi
1553 3013 1601 3055 p.
1629 3000 1715 3057 10).
1746 3000 1914 3044 Natus
1940 3005 2055 3044 erat
2080 3001 2166 3045 hic
2189 3002 2377 3045 Guilel-

166 3083 286 3114 mus
306 3083 353 3113 a.
380 3070 494 3113 1532
513 3074 663 3125 patre
680 3071 915 3126 Philippo
933 3072 1269 3125 Landgravio
1292 3071 1652 3126 Magnanimo,
1675 3072 1764 3126 qui
1784 3084 1851 3115 ex
1869 3073 2090 3116 historia
2111 3073 2377 3117 Reforma-

163 3141 320 3184 tionis
352 3142 595 3185 ecclesiae
627 3142 755 3185 satis
787 3145 943 3185 notus
973 3145 1066 3185 est.
1096 3142 1124 3194 J
1129 3155 1219 3185 am
1247 3143 1675 3186 adulescentulus
1702 3145 2092 3187 astronomiam
2119 3145 2376 3187 adamare

166 3212 341 3266 coepit‚
364 3216 415 3255 et
435 3224 561 3255 cum
580 3213 633 3255 in
654 3213 784 3256 locis
804 3215 1077 3256 stellarum
1092 3226 1123 3256 a
1138 3214 1426 3257 Ptolemaeo
1448 3217 1607 3268 atque
1629 3216 1951 3258 astronomis
1970 3216 2059 3259 illo
2080 3216 2378 3269 posteriori-

166 3284 265 3326 bus
286 3283 422 3326 datis
439 3285 635 3327 multos
649 3296 858 3327 errores
873 3285 1192 3328 commissos
1207 3296 1323 3328 esse
1337 3285 1674 3339 intellegeret,
1697 3286 1882 3329 ordine
1896 3290 1948 3330 et
1961 3287 2166 3330 ratione
2181 3288 2376 3329 caelum

166 3354 564 3397 observandum
591 3367 707 3398 esse
733 3355 1101 3410 perspiciebat.
1131 3356 1316 3410 Itaque
1338 3368 1385 3399 a.
1413 3356 1519 3399 1561
1546 3357 1789 3399 Cassellis
1809 3369 1971 3413 supra
1997 3361 2225 3411 portam,
2255 3370 2376 3411 quae

310 3439 357 3473 44
