2748 4204
442 310 530 361 152
789 302 1389 357 EPISTULARUM
1415 301 2247 356 ASTRONOMICARUM

441 451 707 505 inuicem,
727 452 785 496 vt
804 443 919 494 fine
939 441 1109 494 causa
1127 440 1311 506 fingis,
1332 442 1714 502 assimilentur,
1736 441 1787 493 &
1805 442 2100 493 successiue
2120 442 2442 494 alterumin
2454 442 2588 495 alte·

440 531 569 568 rum
599 520 865 566 mutetur.
899 512 1017 562 Erit
1049 513 1205 562 enim
1236 510 1620 562 nihilominus
1650 514 1712 562 in
1744 526 1814 562 ea
1844 517 2049 562 mutua
2080 511 2507 563 combinatione
2539 511 2589 563 &

440 585 829 637 assimilatione
849 579 1141 644 punctum,
1162 583 1223 630 in
1244 595 1361 642 quo
1378 582 1571 644 imago
1585 580 1894 632 Stellarum
1909 579 2068 643 quafi
2081 580 2413 640 retardetur,
2435 580 2590 645 quod

440 654 511 705 est
539 651 817 716 punctum
845 648 1234 701 Refractionis.
1269 649 1493 712 Saepius
1522 649 1731 713 hyeme
1761 656 2030 712 expertus
2057 648 2198 708 sum,
2231 665 2365 701 cum
2393 656 2592 714 aperta

438 722 675 774 fenestra
699 721 902 771 starem
927 722 988 769 in
1013 719 1206 769 medio
1228 718 1615 782 Obseruatorij
1644 721 1706 768 in
1732 718 1919 769 calido
1939 719 2109 777 Aere,
2136 733 2260 770 rem
2278 714 2506 786 vi·sssam
2529 722 2592 770 in
2627 729 2707 771 123

437 791 639 856 frigido
652 792 805 841 Aere
826 788 1214 840 consistentem
1234 786 1470 838 refracte
1490 788 1688 838 videri.
1711 787 1827 837 Hic
1848 794 1997 838 certe
2017 802 2123 839 nec
2142 787 2465 848 fi‘militud0,
2485 803 2591 840 nec

436 861 734 913 successiua
754 858 1103 910 combinatio
1125 857 1175 908 &
1195 856 1511 907 assimilatio
1527 855 1947 908 Refractionem
1965 857 2166 908 tollere
2185 864 2511 920 potuerunt.
2533 858 2592 910 Si

437 946 574 982 vero
593 930 785 980 media
803 928 904 979 illa
922 942 1024 991 per
1042 926 1097 978 se
1116 933 1235 977 tam
1256 925 1459 977 fimilia
1478 926 1620 985 sunt,
1641 933 1700 976 vt
1719 928 1868 976 inter
1887 926 1989 977 illa
2001 926 2164 978 nulla
2177 926 2239 978 fit
2253 926 2590 988 differentia,

437 1016 537 1051 cur
556 998 779 1051 diuersa
798 994 1092 1061 appellas?
1115 1011 1216 1046 cur
1236 1011 1357 1046 non
1377 998 1552 1046 etiam
1572 995 1941 1046 sublunarem
1961 995 2127 1047 illum
2146 1011 2359 1059 purum
2377 997 2592 1048 Aerem

436 1069 691 1127 AEthera,
702 1068 816 1127 seu,
827 1075 885 1118 vt
895 1066 1114 1118 Plinius
1125 1065 1396 1127 loquitur,
1411 1064 1754 1116 AEthereum
1764 1065 2021 1128 spiritum
2032 1066 2290 1129 appellas
2298 1064 2325 1117 ἰ’
2339 1066 2424 1118 Ita
2435 1069 2591 1118 enim
2604 1083 2632 1124 ·1·
2645 1083 2685 1117 ιο

435 1148 624 1191 tecum
655 1152 777 1189 non
807 1150 1142 1200 pugnarem.
1175 1134 1429 1186 Tantum
1462 1137 1619 1185 enim
1650 1134 1708 1185 id
1740 1135 2043 1194 contend0‚
2082 1150 2203 1186 non
2235 1136 2336 1186 esse
2367 1135 2592 1188 diuersa

436 1209 688 1260 AEtheris
702 1207 753 1258 81
766 1207 934 1257 Aeris
954 1207 1085 1269 puri
1104 1203 1437 1267 Diaphana,
1458 1219 1592 1255 cum
1612 1203 1776 1255 nulla
1796 1204 1869 1255 ab
1889 1207 1959 1268 ijs
1978 1211 2280 1268 generetur
2294 1203 2590 1258 RefratstiO.

436 1278 546 1330 Sed
574 1276 762 1328 nescio
791 1274 1086 1339 quomodo
1115 1275 1264 1325 adeo
1293 1273 1583 1325 inhaereas
1611 1280 1728 1324 tuae
1757 1273 2066 1334 sententiae,
2095 1280 2156 1325 vt
2184 1277 2359 1326 etiam
2385 1282 2592 1338 praeter

436 1362 671 1399 omnem
686 1347 1100 1409 experientiam
1114 1343 1414 1402 concedaS,
1434 1341 1853 1395 Refrac'tionem
1867 1342 2122 1394 AEtheris
2136 1342 2187 1394 &
2200 1345 2369 1395 Aeris
2383 1345 2591 1396 durare

435 1417 607 1480 vsque
633 1416 707 1467 ad
733 1418 1020 1474 verticem,
1051 1428 1184 1464 cum
1212 1420 1410 1464 tamen
1436 1428 1568 1464 eam
1593 1428 1900 1476 nunquam
1926 1413 2316 1464 Instrumentis
2340 1413 2587 1466 senseris,
2643 1432 2683 1464 ιε

436 1487 604 1539 Certe
624 1486 734 1537 hac
753 1488 977 1536 ratione
998 1485 1230 1547 quiduis
1250 1482 1578 1547 confingere
1597 1482 1742 1533 licet.
1765 1482 1876 1534 Sed
1889 1490 2087 1534 tamen
2099 1482 2427 1546 sequeretur
2439 1483 2590 1543 inde,

434 1555 657 1607 nullam
677 1554 913 1606 Stellam
938 1559 1146 1617 praeter
1169 1567 1284 1612 eaS,
1313 1567 1446 1615 quae
1465 1555 1738 1603 verticem
1756 1552 2050 1603 transeunt
2069 1552 2119 1603 &
2139 1555 2201 1603 in
2220 1555 2429 1604 vertice
2448 1553 2590 1612 sunt,

433 1640 571 1676 vero
590 1625 811 1676 lumine
825 1623 1023 1682 videri,
1043 1638 1247 1674 verum
1269 1622 1504 1674 confuso
1519 1622 1570 1673 &
1584 1622 1893 1673 debilitato.
1917 1621 2126 1673 Omnis
2140 1625 2297 1673 enim
2311 1621 2591 1675 Refractio

433 1694 686 1746 debilitat
698 1694 889 1745 lucem
903 1693 955 1744 &
969 1692 1224 1744 colorem
1237 1694 1320 1743 rei
1333 1691 1485 1751 visae,
1499 1699 1558 1743 vt
1572 1691 1917 1743 demonstrat
1924 1691 2194 1742 Alhazen
2206 1691 2358 1744 lib.7.
2368 1693 2590 1756 capit.7.

434 1765 485 1816 &
503 1763 751 1815 Vitellio.
778 1764 871 1815 lib.
893 1764 965 1814 10.
992 1763 1050 1814 Ρ.
1071 1763 1143 1814 10.
1172 1762 1327 1814 Cum
1352 1764 1521 1826 igitur
1548 1761 1843 1813 diuersitas
1870 1776 1940 1813 ea
1966 1776 2038 1812 ex
2063 1761 2375 1813 collatione
2400 1761 2592 1814 Stellae
2640 1778 2686 1812 20

433 1834 717 1885 verticalis
736 1834 810 1885 ad
830 1833 1083 1896 reliquas
1097 1832 1458 1896 avaporibus
1478 1832 1688 1883 liberas
1707 1846 1829 1882 non
1849 1830 2348 1894 depraehendatur,
2368 1846 2476 1883 nec
2490 1831 2591 1883 Re-

432 1902 630 1955 sradtio
646 1903 882 1954 concedi
895 1905 1116 1966 poterit.
1132 1902 1351 1953 Verum
1365 1908 1428 1952 tu
1441 1901 1536 1952 hic
1549 1904 1741 1965 potius
1754 1903 1817 1952 in
1831 1903 2031 1952 omnia
2045 1900 2284 1952 diuersa.
2299 1902 2406 1952 Ais
2420 1903 2591 1960 enim,

433 1974 539 2025 has
558 1972 811 2024 AEtheris
832 1972 883 2023 &
902 1974 1072 2023 Aeris
1092 1970 1483 2023 Refractiones
1507 1970 1660 2022 infra
1678 1971 1763 2022 30.
1786 1970 2053 2022 Gradum
2080 1971 2181 2022 esse
2207 1970 2506 2031 sensibiles,
2531 1973 2594 2022 in

433 2043 621 2094 altiori
637 2058 777 2094 vero
796 2042 900 2094 fitu
919 2041 1282 2101 insenfibileS,
1305 2041 1356 2092 &
1374 2048 1572 2092 tamen
1584 2040 1777 2105 postea
1790 2040 1970 2100 addis,
1993 2038 2412 2092 Refrad'tionem
2427 2040 2592 2099 Solis,

433 2128 610 2176 quam
635 2116 697 2163 in
724 2112 1044 2163 Altitudine
1070 2112 1154 2163 30.
1184 2111 1363 2163 Grad.
1395 2110 1662 2162 inuenisti
1687 2111 1753 2163 st.
1781 2110 2166 2170 Minutorum,
2193 2125 2296 2173 per
2319 2109 2469 2162 solos
2493 2124 2590 2162 va·
2640 2126 2685 2160 2⁵

431 2198 600 2246 pores
631 2185 727 2233 vix
760 2182 1016 2233 excusari
1047 2182 1211 2245 posse.
1243 2181 1482 2232 Vtinam
1513 2181 1745 2239 dicereS,
1786 2195 1917 2231 eam
1954 2187 2135 2231 totam
2167 2180 2268 2230 esse
2300 2195 2336 2231 a
2367 2179 2591 2231 diuerso

432 2252 683 2303 AEtheris
713 2252 764 2303 &
792 2254 961 2303 Aeris
990 2250 1325 2314 DiaphanO,
1356 2250 1805 2302 demonstrarem
1833 2252 2044 2312 vtique,
2074 2251 2136 2300 in
2161 2249 2481 2301 Altitudine
2506 2249 2589 2301 45.

434 2321 611 2374 Grad.
639 2337 771 2373 eam
796 2322 988 2373 adhuc
1014 2321 1222 2372 debere
1249 2321 1351 2372 esse
1375 2323 1548 2371 vnius
1573 2322 1836 2384 proxime
1857 2319 2091 2370 Minuti.
2119 2318 2244 2382 Ipso
2271 2321 2428 2370 enim
2451 2333 2591 2370 vero

432 2394 623 2443 verius
652 2392 741 2452 est,
771 2391 811 2443 fi
838 2392 990 2443 infra
1017 2391 1101 2443 30.
1130 2390 1399 2442 Gradum
1427 2389 1696 2441 senfibilis
1725 2389 1924 2452 aliqua
1953 2387 2234 2440 Resrac'tio
2259 2388 2515 2440 AEtheris
2540 2388 2592 2440 ἃ

432 2462 601 2513 Aeris
621 2462 985 2521 concedatur,
1014 2476 1146 2512 eam
1164 2463 1227 2511 in
1246 2460 1437 2512 altiori
1457 2460 1561 2511 situ
1580 2474 1703 2510 non
1721 2465 1842 2510 tam
1860 2458 2043 2509 subito
2062 2457 2441 2510 insensibilem
2465 2457 2590 2509 fieri
2639 2474 2684 2509 3ο

432 2532 593 2594 posse.
610 2532 768 2583 Nam
781 2534 818 2596 ij
825 2531 980 2583 sdem
993 2531 1199 2595 medijs
1209 2529 1684 2594 permanentibus
1693 2535 1947 2579 nontam
1957 2527 2140 2580 subito
2150 2530 2365 2580 mutari
2373 2528 2593 2592 possunt

432 2599 819 2653 Refrafflones
832 2600 983 2665 ipsae,
1005 2615 1140 2652 cum
1154 2615 1356 2651 earum
1371 2598 1588 2664 Anguli
1601 2614 1724 2650 non
1737 2606 1856 2649 tam
1870 2597 2052 2649 subito
2067 2597 2405 2658 decrescant,
2427 2600 2590 2661 quin-

431 2673 551 2721 imo
570 2670 687 2722 fiue
706 2670 780 2722 ab
799 2672 953 2722 Aere
973 2670 1047 2722 ad
1067 2671 1320 2733 Aquam,
1346 2669 1463 2720 flue
1483 2670 1556 2721 ab
1576 2670 1731 2720 Aere
1751 2667 1825 2719 ad
1845 2670 2074 2727 vitrum,
2094 2666 2212 2718 fiue
2231 2666 2305 2719 ab
2324 2668 2500 2730 Aqua
2517 2666 2591 2718 ad

431 2743 658 2799 vitrum,
685 2740 801 2792 fiue
822 2747 1023 2792 contra
1045 2739 1203 2799 fiant,
1230 2739 1479 2791 eandem
1497 2738 1616 2790 fere
1635 2740 1697 2788 in
1718 2737 2019 2788 crescendo
2040 2736 2091 2788 81
2110 2736 2486 2788 decrescendo
2505 2751 2588 2787 re·

430 2812 650 2861 tineant
674 2813 1124 2874 proportionem,
1150 2817 1210 2861 vt
1230 2824 1302 2860 ex
1319 2808 1547 2861 Tabula
1565 2811 1628 2859 in
1647 2808 1695 2859 8.
1716 2808 1774 2858 P.
1796 2807 1866 2858 10.
1888 2806 2178 2858 Vitellion.
2198 2805 2378 2870 posita
2395 2806 2590 2857 videre
2640 2823 2684 2856 35

433 2879 520 2930 est.
554 2880 647 2931 Ad
679 2895 858 2943 quam
889 2883 1065 2931 etiam
1096 2879 1401 2943 respiciens
1431 2877 1617 2941 scripsi
1648 2880 1709 2928 in
1736 2876 2124 2941 superioribus
2151 2876 2345 2936 literiS,
2375 2875 2415 2926 fi
2443 2877 2591 2927 circa

432 2949 817 3000 Horizontem
836 2950 1001 3001 detur
1021 2947 1304 3001 Refractio
1324 2948 1473 3000 Solis
1492 2948 1541 2999 3.
1560 2947 1773 2998 Minut.
1795 2961 1831 2997 a
1851 2945 2075 2997 diuerso
2089 2945 2343 2997 AEtheris
2358 2944 2409 2996 &
2421 2946 2592 2996 Aeris

434 3018 749 3082 Diaphano
766 3022 1134 3083 prouenienS,
1155 3018 1280 3070 dari
1295 3033 1428 3070 eam
1440 3020 1503 3069 in
1515 3017 1837 3068 Altitudine
1850 3016 1934 3068 45.
1952 3015 2262 3067 Graduum
2275 3017 2341 3068 st.
2357 3015 2589 3066 Minuti.

434 3087 542 3138 Etsi
556 3091 714 3138 enim
728 3089 941 3151 aliqua,
955 3095 1154 3139 tamen
1167 3103 1289 3139 non
1303 3088 1621 3139 admodum
1635 3085 1874 3137 dissimili
1886 3087 2259 3149 proportione
2274 3084 2592 3136 decrescent

433 3155 822 3209 Refractiones
840 3157 975 3222 ipsae
997 3158 1048 3209 &
1068 3156 1494 3209 Refrac'tionum
1517 3156 1759 3220 Anguli;
1787 3154 1978 3218 Quod,
1999 3154 2039 3205 fi
2058 3154 2204 3205 mihi
2222 3161 2451 3217 tempus
2469 3168 2591 3205 non
2640 3170 2684 3203 ιο

433 3226 645 3286 deesset,
677 3227 845 3278 facile
875 3227 1119 3279 Calculo
1149 3230 1563 3279 examinarem.
1597 3225 1772 3288 Quod
1800 3231 1997 3276 autem
2026 3227 2177 3276 circa
2206 3224 2590 3275 Horizontem

431 3303 550 3348 tam
569 3295 751 3348 subito
771 3296 1099 3349 decrescunt
1119 3294 1523 3355 RefraclioneS,
1544 3295 1602 3347 id
1622 3310 1658 3346 a
1677 3297 1851 3346 meris
1870 3294 2183 3357 vaporibus
2205 3292 2293 3352 est,
2322 3295 2591 3412 q÷1icirca

2400 3376 2590 3414 erram
