2748 4204
81 3278 128 3314 40

989 338 1235 393 LIBER
1261 339 1585 395 PRIMUS
2330 346 2387 399 71

187 480 464 548 praedicta
482 483 727 533 minime
747 480 928 533 dubia
946 484 1175 533 ratione
1195 497 1233 533 a
1252 481 1388 534 Sole
1407 498 1512 547 per
1530 483 1825 536 Venerem
1844 484 2099 537 indicato
2120 502 2298 547 ann0,
2325 490 2388 539 in

188 555 582 618 cognitionem
593 552 1000 617 Longitudinis
1012 552 1238 616 aliquot
1252 553 1634 618 infigniorum
1644 554 1900 607 fixarum
1911 556 2225 609 Stellarum
2237 561 2395 611 circa·

187 624 528 683 Zodiacum,
550 638 758 675 earum
771 623 1079 675 latitudine
1094 623 1150 675 se
1164 623 1334 676 facile
1348 640 1468 676 vna
1480 628 1796 690 ingerente,
1816 628 2219 691 peruenissem;
2243 628 2295 680 &
2315 645 2388 682 ex

187 694 709 748 Obseruatiom‘bus
738 693 1086 759 quibusdam
1114 695 1263 760 alijs,
1302 695 1484 748 Anno
1513 696 1598 748 85.
1627 699 1780 749 circa
1808 699 2153 751 autumnale
2182 700 2386 765 AEqui-

185 764 447 818 noctium
475 768 742 830 acceptis,
774 781 893 830 quo
922 773 1186 831 tempore
1212 766 1460 819 Veneris
1490 767 1669 820 Stella
1696 775 1835 820 tunc
1864 770 2179 831 Matutina,
2211 774 2385 824 etiam

184 837 439 889 interdiu
467 836 943 901 conspiciebatur,
974 837 1152 901 idque
1181 840 1244 889 in
1274 833 1606 907 consi-ssmili
1634 839 1771 899 fere,
1802 856 1921 904 qua
1941 841 2122 893 Anno
2149 842 2234 894 82.
2260 850 2387 895 tum

184 908 449 961 distantia
460 924 497 960 a
508 908 660 969 Sole,
677 907 730 959 &
739 908 939 968 Terra,
954 915 1082 960 tum
1097 910 1275 961 etiam
1289 909 1597 962 altitudine
1611 909 1784 975 supra
1798 911 2190 964 Horizontem
2206 914 2387 978 (quod

182 981 395 1045 negotij
414 980 821 1032 certitudinem
834 979 1159 1044 plurimum
1172 980 1494 1045 promouit)
1507 984 1713 1033 omnia
1722 982 2018 1035 viceuersa
2030 984 2387 1048 exploratius

183 1051 652 1115 comprobassem,
673 1049 812 1103 hinc
831 1050 1198 1115 reliquarum
1218 1054 1398 1104 etiam
1417 1051 1734 1105 affixarum
1749 1053 2078 1114 Stellarum,
2099 1062 2222 1107 tam
2234 1058 2387 1108 intra

182 1138 364 1187 quam
390 1129 554 1174 extra
573 1122 901 1174 Zodiacum
926 1122 1075 1184 loca,
1103 1138 1223 1187 quo
1250 1123 1325 1175 ad
1352 1123 1597 1189 longum
1623 1123 1676 1175 &
1700 1124 1886 1176 latum
1909 1125 2217 1186 restituere,
2244 1142 2385 1179 vna-

182 1208 297 1258 que
311 1193 689 1246 Planetarum
703 1196 975 1245 omnium
987 1209 1092 1258 per
1106 1193 1237 1246 haec
1250 1198 1626 1259 apparentias
1639 1195 2041 1261 peruestigare,
2063 1197 2230 1250 nulla
2245 1204 2385 1250 tem-

180 1268 339 1330 poris
352 1264 539 1316 sereni
553 1267 989 1330 opportunitate
1003 1263 1290 1318 hactenus
1303 1267 1630 1327 intermissa,
1647 1266 1967 1319 elaboraui.
1987 1267 2386 1333 Deprehendo

181 1343 381 1388 autem
404 1339 467 1388 in
491 1336 946 1401 quamplurimis
966 1336 1158 1389 Stellis
1177 1337 1445 1401 idipsum,
1473 1338 1632 1403 quod
1652 1337 1718 1390 T.
1741 1337 1887 1391 Cels.
1908 1338 2056 1390 mihi
2076 1339 2382 1404 perscribit,

181 1422 281 1459 eas
294 1423 418 1459 non
430 1406 633 1460 saltem
643 1407 1066 1473 Longitudines
1080 1408 1248 1461 aliter
1262 1409 1543 1471 obtinere,
1558 1425 1742 1474 quam
1749 1409 2030 1462 Veterum
2043 1411 2384 1463 traditiones

178 1477 403 1532 adiecta
417 1494 655 1544 quoque
668 1478 1027 1545 AEquinoctij
1044 1480 1414 1545 praecessione
1429 1479 1773 1534 correctiore
1789 1481 2081 1542 exhibent,
2096 1481 2191 1534 sed
2206 1485 2383 1535 etiam

178 1549 539 1603 Latitudines
552 1550 741 1603 multo
756 1550 939 1612 aliter,
961 1553 1024 1603 in
1041 1551 1389 1616 quibusdam
1403 1555 1618 1614 minuS,
1639 1555 1702 1605 in
1717 1552 2063 1618 quibusdam
2076 1569 2218 1605 vero
2232 1554 2381 1618 pluS,

177 1621 496 1682 ostendere;
518 1637 655 1674 cum
673 1629 875 1675 tamen
893 1622 1004 1675 has
1024 1623 1336 1675 necessario
1356 1626 1682 1676 inuariatas
1702 1627 1867 1676 omni
1885 1639 2021 1676 aeuo
2035 1640 2382 1689 permanere

175 1693 313 1745 inde
333 1709 371 1745 a
389 1693 763 1746 vetustissimis
782 1693 1166 1755 AstronomiS,
1195 1710 1267 1747 eo
1295 1695 1454 1759 quod
1480 1702 1677 1748 motus
1697 1694 1925 1749 octauae
1946 1695 2209 1761 Sphaerae
2230 1698 2382 1748 circa

175 1763 350 1816 Polos
365 1764 661 1829 Eclipticae
681 1767 995 1831 contingat,
1017 1768 1161 1818 citra
1180 1781 1359 1819 omne
1380 1766 1627 1819 dubium
1640 1783 1748 1832 pro
1763 1775 2062 1832 comperto
2077 1766 2380 1820 habeatur.

176 1835 345 1888 Vnde
361 1835 507 1888 Cels.
523 1836 589 1889 T.
603 1839 815 1889 merito
829 1839 892 1889 in
907 1840 1035 1890 eius
1048 1840 1394 1890 variationis
1415 1838 1868 1891 admirationem
1888 1836 2183 1903 perducta,
2205 1841 2383 1890 etiam

174 1922 378 1959 meum
397 1908 469 1960 de
489 1907 602 1961 1130
615 1923 678 1961 re
692 1909 979 1961 iudicium
993 1909 1311 1962 clementer
1324 1912 1582 1975 requirit,
1604 1925 1683 1962 an
1697 1910 1964 1962 videlicet
1978 1909 2212 1975 fingulis
2226 1910 2382 1961 Fixis

175 1978 437 2044 aliquem
466 1979 829 2044 peculiarem
859 1987 1091 2033 motum
1121 1996 1226 2046 per
1257 1981 1313 2033 se
1345 1982 1532 2042 inesse‚
1566 1997 1685 2046 quo
1715 1981 2112 2034 Latitudinem
2144 1996 2382 2046 quoque

175 2050 561 2104 diuerfimode
572 2058 816 2113 mutent,
829 2052 1290 2105 consentaneum
1302 2053 1639 2105 existimem.
1651 2053 1789 2117 Qua
1799 2053 1871 2105 de
1883 2068 1945 2104 re
1956 2052 2021 2104 T.
2033 2052 2179 2105 Cels.
2191 2053 2381 2104 breui-

173 2121 283 2174 bus
302 2137 500 2174 meam
519 2122 867 2176 sententiam
880 2139 1040 2176 nunc
1054 2140 1370 2189 exponam.
1392 2125 1551 2177 Loca
1565 2127 1836 2176 omnium
1850 2124 2166 2176 affixarum
2181 2123 2381 2176 Stella-

175 2208 308 2245 rum
327 2194 465 2246 111ᾱο
485 2209 523 2246 3
541 2197 733 2260 prima
745 2196 955 2248 mundi
971 2196 1213 2261 Origine
1227 2199 1291 2248 in
1304 2196 1540 2262 fingulis
1557 2196 1609 2248 &
1623 2196 1915 2255 omnibuS,
1938 2211 2057 2260 quo
2072 2195 2147 2247 ad
2161 2194 2216 2247 se
2230 2197 2379 2247 inui-

175 2279 319 2326 cem,
348 2265 582 2330 prorsus
606 2268 905 2320 inuariata
929 2283 1296 2333 permanere,
1325 2271 1491 2320 omni
1517 2267 1697 2320 dubio
1723 2266 1930 2332 procul
1954 2266 2167 2318 iudico,
2198 2266 2380 2331 quue

175 2336 311 2388 inde
330 2336 501 2389 facile
522 2337 954 2403 comprobatur,
976 2339 1137 2404 quod
1157 2354 1365 2391 omnes
1379 2338 1516 2391 fixae
1532 2339 1744 2399 Stellae,
1766 2354 1915 2404 quas
1929 2337 2182 2390 recenset
2195 2337 2380 2389 Ptole-

173 2422 363 2460 maeus
376 2411 568 2473 primo
583 2412 771 2474 capite
785 2408 1054 2463 dictionis
1068 2412 1118 2464 7.
1134 2410 1209 2463 ab
1222 2410 1486 2463 Abrachi
1499 2410 1600 2463 seu
1614 2410 1963 2475 Hipparcho
1977 2412 2244 2474 proxime
2257 2409 2378 2461 260.

175 2486 311 2530 ante
324 2479 381 2531 se
395 2482 568 2532 annis
582 2484 645 2533 in
658 2497 778 2534 vna
792 2483 1024 2534 extitisse
1038 2482 1198 2535 linea
1211 2480 1384 2542 recta,
1401 2482 1632 2535 easdem
1647 2485 1825 2534 etiam
1835 2481 1938 2533 suo
1950 2496 2085 2533 aeuo
2097 2483 2159 2532 in
2171 2481 2380 2532 eodem

175 2549 297 2611 11111,
325 2566 444 2616 quo
465 2552 541 2604 ad
560 2551 616 2604 se
635 2555 911 2614 inuicem,
938 2554 1318 2619 permanfisse.
1348 2555 1624 2618 Cumque
1652 2553 1877 2605 eaedem
1896 2560 2023 2604 tum
2044 2554 2220 2604 etiam
2243 2551 2377 2611 illae,

176 2637 324 2686 quas
342 2622 538 2687 postea
557 2623 717 2676 addit
730 2625 1102 2687 PtolemaeuS,
1123 2632 1183 2677 vt
1197 2625 1439 2677 Posteris
1460 2625 1662 2677 ansam
1683 2623 2188 2689 experimentandi
2206 2622 2378 2674 relin-

175 2700 394 2757 queret,
427 2697 605 2747 etiam
632 2695 746 2748 hac
775 2703 947 2749 aetate
978 2696 1186 2762 elapsis
1215 2697 1290 2749 ab
1319 2696 1441 2762 ipso
1471 2699 1644 2749 annis
1673 2696 1817 2748 1400.
1846 2694 2100 2747 eundem
2129 2693 2377 2758 prorsus,

176 2779 354 2829 quem
378 2765 537 2818 idem
555 2766 910 2821 Ptolemaeus
935 2768 1207 2829 recenset,
1234 2768 1485 2833 politum
1511 2766 1710 2820 exacte
1736 2769 1985 2818 retinere
2005 2765 2378 2818 animaduer-

174 2842 372 2888 tantur
392 2836 575 2902 (quod
594 2854 978 2904 nequaquam
998 2839 1127 2893 fieri
1146 2841 1319 2905 posset
1338 2839 1379 2891 11
1398 2855 1518 2891 vna
1532 2838 1711 2892 Stella
1727 2838 1894 2890 aliter
1910 2837 2029 2889 fiue
2044 2836 2378 2901 Longitudi-

176 2922 315 2959 nem
333 2907 453 2960 11110
473 2908 889 2973 Latitudinem,
918 2927 1038 2976 quo
1058 2912 1134 2963 ad
1153 2914 1456 2976 propriam
1476 2910 1787 2976 Sphaeram
1806 2915 2074 2969 mutaret,
2097 2922 2278 2972 quam
2297 2906 2377 2959 al-

173 2978 321 3042 tera)
341 2978 512 3032 facile
532 2983 870 3035 ratiocinari
889 2982 1099 3043 licebit,
1121 2986 1326 3035 omnia
1346 2981 1527 3034 affixa
1544 2981 1749 3034 Sidera
1767 2983 1831 3032 in
1851 2979 2078 3040 eodem,
2100 2994 2219 3043 quo
2234 2978 2309 3030 ad
2322 2977 2378 3029 se

174 3049 296 3114 ipsa
320 3049 443 3111 fitu,
471 3054 614 3104 citra
633 3053 984 3106 Latitudinis
1003 3054 1099 3106 vel
1119 3053 1526 3119 Longitudinis
1547 3052 1838 3105 diuersam
1862 3051 2378 3114 inordinatamque

175 3124 564 3175 mutationem
572 3127 737 3176 omni
746 3141 882 3177 aeuo
891 3125 1206 3178 consistere.
1218 3124 1396 3188 Quod
1403 3140 1545 3177 vero
1556 3124 1833 3189 quaedam
1844 3124 2210 3187 reperiantur
2217 3120 2378 3172 Fixae

176 3194 353 3245 etiam
369 3196 521 3246 inter
536 3195 893 3261 insigniores,
915 3213 1051 3262 quae
1067 3196 1256 3249 multo
1274 3196 1456 3249 aliam
1471 3195 1841 3248 latitudinem
1858 3194 2177 3253 obtineant,
2197 3206 2378 3256 quam

176 3263 559 3329 Hipparchus
574 3266 627 3318 &
643 3267 997 3321 Ptolemaeus
1018 3270 1396 3328 annotarunt,
1417 3267 1476 3319 id
1496 3269 1710 3331 partim
1730 3281 1939 3318 eorum
1957 3267 2155 3316 minus
2176 3261 2378 3315 exac'ta

177 3333 618 3398 Obseruatione,
638 3342 853 3402 partim
871 3346 954 3392 tot
972 3339 1467 3404 transcriptorum,
1489 3340 1592 3403 qui
1610 3337 1758 3390 forte
1775 3339 1989 3402 negotij
2008 3334 2379 3387 subtilitatem

176 3407 540 3471 ignorabant,
561 3410 913 3475 negligentia
933 3411 1294 3463 commissum
1306 3409 1615 3462 verisimile
1635 3409 1726 3461 est.
1748 3409 1981 3461 Etenim
1992 3409 2093 3458 vix
2112 3404 2376 3527 311101115ἑέ

2186 3491 2222 3527 3
