2748 4204
158 722 179 756 5

1029 270 1275 323 LIBER
1303 270 1625 324 PRIMUS
2338 280 2428 332 155

229 434 383 479 ranS,
398 418 500 471 tibi
514 415 910 469 contradicere
924 414 1105 478 possit:
1122 412 1299 477 idque
1313 419 1434 464 tam
1448 413 1774 467 luculenter
1786 416 1838 467 ἀ
1849 417 2163 482 perspicue,
2179 426 2238 470 vt
2251 435 2428 472 nemo

228 488 582 543 luculentius
595 492 698 539 aut
712 484 1093 537 enucleatius,
1110 483 1485 548 Quapropter
1499 485 1631 537 vide
1642 493 1702 537 vt
1717 491 2158 552 quamprimum
2172 490 2429 555 reliquos

229 574 465 626 quoque
491 558 713 610 Tomos
741 556 1087 608 habeamus,
1119 555 1206 606 Ita
1236 557 1395 606 enim
1422 570 1546 607 non
1571 562 1801 609 tantum
1827 562 2129 624 negotium
2156 560 2428 615 Cometa-

227 646 360 684 rum
378 631 768 682 verumetiam
782 627 988 679 Artem
1008 625 1263 678 nostram
1282 625 1507 678 summe
1528 630 1922 691 promouebiS.
1945 631 2012 682 In
2032 634 2199 683 tertio
2221 632 2428 698 Capite

227 702 369 756 facis
388 702 754 753 mentionem
772 700 1054 751 maximae
1074 697 1424 749 Latitudinis
1439 697 1644 758 Lunae,
1667 715 1849 763 quam
1870 700 1921 752 &
1942 701 2057 765 ipse
2077 709 2271 755 tecum
2292 719 2427 757 ean-

227 774 362 826 dem
392 771 513 824 fere
543 773 772 823 inueni:
806 769 901 822 sed
935 768 1132 833 Caput
1165 768 1458 820 Draconis
1492 769 1644 821 abest
1673 786 1709 822 a
1737 770 1980 823 Tabulis
2012 773 2143 838 plus
2176 782 2429 838 quatuor

228 843 544 904 GradibuS,
573 849 634 894 vt
658 857 762 906 per
789 840 1084 893 distantias
1112 839 1164 891 81
1191 838 1459 891 Globum
1488 843 1693 905 reperi,
1724 857 1831 893 nec
1862 843 2108 895 arbitror
2138 845 2428 898 calculum

116 925 197 970 126
226 918 520 969 minorem
539 912 931 966 differentiam
945 906 1435 979 pro-llducturum,
1458 911 1618 975 quod
1632 911 1802 964 facile
1818 917 2221 967 examinarem
2235 916 2275 968 fi
2288 924 2428 969 tem-

138 1076 179 1112 lo

139 1432 178 1467 15

136 2145 180 2180 25

137 2857 181 2892 35

226 1002 336 1053 pus
356 985 503 1038 mihi
523 1000 648 1037 non
667 984 884 1036 deesset.
907 983 1000 1035 De
1014 984 1265 1034 materia
1279 981 1665 1034 Cometarum
1682 983 1734 1035 &
1749 986 2049 1048 quomodo
2064 994 2428 1051 generentur,

226 1057 376 1111 nihil
401 1059 464 1109 in
493 1071 565 1108 eo
591 1058 846 1120 reperire
875 1056 1058 1120 potui,
1089 1053 1194 1105 nifi
1221 1068 1345 1118 cap.
1373 1053 1422 1105 9.
1451 1053 1523 1106 de
1552 1058 1930 1119 generatione
1959 1057 2182 1118 caudae,
2214 1058 2285 1110 de
2313 1075 2431 1123 qua

225 1136 425 1182 tamen
439 1143 519 1180 an
532 1143 570 1180 a
583 1127 719 1180 Sole
735 1142 814 1179 an
824 1141 967 1178 vero
979 1125 1274 1185 aVenere,
1290 1127 1354 1176 in
1368 1127 1536 1176 cuius
1551 1125 1841 1190 oppofitas
1855 1134 2048 1192 partes
2062 1128 2136 1180 ad
2152 1130 2428 1189 amussim‚

226 1207 285 1253 vt
305 1215 430 1265 cap.
451 1200 500 1252 7.
523 1199 714 1258 doces,
736 1204 858 1250 toto
879 1198 1266 1262 apparitionis
1286 1202 1551 1261 tempore
1571 1196 1838 1261 porrecta
1857 1197 1979 1259 fuit,
2001 1207 2307 1263 generetur
2328 1201 2429 1253 du-

225 1272 390 1332 bitas,
416 1270 511 1323 sed
536 1276 738 1322 tamen
763 1271 826 1321 in
846 1268 997 1321 Solis
1024 1274 1218 1333 partes
1244 1267 1484 1319 tandem
1511 1268 1777 1330 inclinaS,
1805 1269 1983 1334 idque
2008 1270 2223 1323 latente
2252 1287 2319 1324 ac
2345 1274 2429 1324 in-

227 1348 525 1408 comperta
554 1340 748 1393 adhuc
780 1340 991 1405 Optica
1019 1342 1247 1391 ratione
1277 1338 1406 1391 fieri
1434 1340 1584 1404 posse
1616 1345 1803 1405 putas,
1833 1340 2057 1393 Verum
2086 1357 2181 1394 me
2211 1342 2282 1394 de
2312 1350 2431 1396 tota

227 1414 433 1467 caudae
464 1415 859 1479 generatione,
897 1427 976 1463 an
1008 1426 1080 1463 ea
1111 1426 1216 1475 per
1247 1410 1593 1463 transmissos
1624 1411 1822 1464 radios
1854 1411 1972 1473 fiat,
2012 1413 2277 1466 dubitare
2309 1430 2431 1467 non

226 1489 461 1552 ignoras
482 1499 555 1536 ex
575 1499 700 1549 cap.
716 1485 764 1537 7.
787 1483 976 1548 scripti
995 1484 1114 1534 mei
1135 1482 1211 1534 ad
1231 1488 1286 1534 te
1307 1481 1621 1535 transmissi.
1645 1483 1802 1536 Cum
1823 1486 1982 1535 enim
1999 1484 2276 1546 Cardani,
2298 1485 2429 1538 Sca-

226 1557 404 1623 ligeri‚
428 1556 480 1609 &
499 1556 721 1620 Apiani
740 1555 1088 1607 sententiam
1108 1554 1179 1606 de
1200 1556 1580 1619 generatione
1605 1555 1811 1607 caudae
1838 1556 2166 1615 recitassem,
2192 1557 2431 1609 tandem

226 1627 512 1687 subiunxi,
533 1642 646 1688 me,
661 1633 721 1679 vt
734 1629 990 1691 ingenue
1004 1625 1233 1686 faterer,
1249 1628 1312 1676 in
1326 1624 1439 1677 hac
1454 1625 1525 1677 de
1540 1629 1916 1691 generatione
1933 1627 2138 1679 caudae
2152 1627 2432 1681 sententia

226 1701 420 1766 potius
440 1698 696 1751 aliorum
715 1698 1002 1750 iudicium
1023 1712 1205 1762 quam
1224 1712 1429 1749 meum
1448 1696 1625 1762 sequi.
1649 1697 1932 1750 Haerebat
1954 1701 2112 1750 enim
2131 1705 2270 1751 tunc
2290 1706 2429 1751 tem-

226 1772 384 1837 poris
397 1769 622 1834 semper
635 1772 698 1821 in
711 1771 932 1829 anim0,
949 1768 1203 1821 caudam
1215 1768 1473 1821 eiusdem
1483 1772 1747 1821 materiae
1760 1773 2035 1834 quamuis
2047 1772 2284 1822 rarioris
2296 1786 2431 1823 cum

226 1842 347 1908 ipl'o
369 1841 636 1895 Cometae
657 1856 901 1906 corpore
924 1841 1027 1892 esse
1049 1847 1336 1905 oportere,
1361 1846 1672 1905 propterea
1693 1841 1851 1905 quod
1872 1841 2017 1907 radij
2041 1841 2192 1894 Solis
2214 1842 2431 1894 etiamfi

228 1928 439 1979 corpus
458 1912 727 1966 Cometae
752 1911 1064 1973 transeant,
1091 1918 1293 1964 tamen
1318 1911 1439 1976 post
1465 1911 1769 1964 tranfitum
1795 1911 1912 1964 fine
1936 1915 2199 1973 materia,
2224 1915 2287 1964 in
2314 1928 2432 1978 qua

227 1985 484 2038 fimiliter
503 1982 891 2045 reflectantur,
912 1987 976 2036 in
995 1999 1147 2049 puro
1167 1982 1271 2035 illo
1291 1984 1448 2036 Aere
1469 1999 1754 2048 apparere
1775 1991 1899 2035 non
1918 1985 2140 2049 possint:
2170 1999 2304 2036 cum
2324 2000 2431 2037 nec

226 2056 347 2122 post
366 2055 718 2123 Crystallum
744 2063 847 2108 aut
874 2054 1159 2108 eiusmodi
1186 2070 1435 2119 corpora
1459 2054 1564 2107 lux
1584 2054 1735 2108 Solis
1762 2055 2116 2107 condensata
2136 2063 2430 2120 appareat,

227 2127 332 2181 nifi
362 2130 672 2181 materiata
702 2143 795 2180 res
826 2127 1179 2193 subijciatur,
1213 2129 1276 2178 in
1309 2142 1491 2191 quam
1521 2127 1785 2193 Pyramis
1816 2126 1919 2179 illa
1949 2130 2254 2192 impingat:
2288 2127 2431 2179 Item

228 2199 387 2265 quod
407 2200 598 2252 cauda
616 2198 720 2252 illa
739 2199 802 2251 fit
823 2198 1087 2264 dispersa,
1115 2214 1225 2251 nec
1245 2199 1392 2264 radij
1418 2201 1544 2250 eius
1565 2201 1997 2259 continuentur,
2021 2198 2117 2250 sed
2137 2198 2432 2250 interdum

227 2271 399 2337 longe
427 2271 549 2336 post
578 2278 753 2336 caput
782 2271 1028 2336 abrupte
1057 2285 1345 2335 apparere
1373 2272 1672 2335 incipiant,
1701 2270 1754 2322 &
1778 2277 2014 2335 propter
2040 2269 2187 2322 alias
2213 2269 2429 2322 causas.

229 2343 387 2396 Cum
398 2349 600 2395 tamen
614 2342 899 2395 eiusmodi
914 2342 1196 2394 caudatas
1208 2341 1416 2394 Stellas
1431 2357 1743 2406 nunquam
1757 2341 2151 2402 obferuassem,
2167 2356 2275 2393 nec
2290 2341 2431 2393 dum

228 2414 481 2467 formam
508 2414 560 2466 &
585 2413 855 2467 habitum
882 2413 1089 2466 caudae
1117 2413 1421 2478 diligenter
1447 2416 1510 2465 in
1529 2413 1648 2465 vlla
1672 2412 2121 2471 confiderassem,
2147 2412 2429 2464 viderem-

229 2501 344 2551 que
370 2487 716 2551 opinionem
741 2485 905 2538 illam
927 2501 965 2538 a
984 2485 1152 2537 nullo
1174 2486 1277 2537 esse
1301 2484 1757 2550 repraehensam:
1784 2486 1959 2536 tantis
1981 2483 2173 2535 &tam
2192 2483 2430 2535 summis

228 2557 381 2610 Viris
414 2558 553 2619 cessi,
587 2557 747 2622 quod
778 2564 981 2610 tamen
1012 2556 1131 2609 fine
1162 2556 1588 2621 protestatione,
1621 2562 1680 2607 vt
1712 2555 1832 2616 sciS,
1871 2554 2062 2607 facere
2094 2569 2218 2606 non
2248 2556 2427 2619 potui.

229 2628 407 2681 Fuisse
426 2644 569 2681 vero
596 2629 881 2681 iudicium
906 2628 1053 2681 illud
1078 2644 1282 2680 meum
1309 2628 1380 2680 de
1407 2627 1598 2679 cauda
1620 2633 1824 2679 contra
1843 2626 2101 2678 summos
2121 2625 2253 2677 illos
2272 2628 2429 2677 viros

228 2715 452 2761 verum,
478 2699 774 2766 superiore
795 2700 1010 2767 hyeme
1031 2702 1300 2765 cognoui.
1331 2699 1488 2752 Cum
1510 2701 1670 2750 enim
1689 2697 1836 2750 forte
1856 2697 2093 2749 fortuna
2112 2697 2430 2748 inciderem

229 2774 291 2823 in
309 2770 441 2825 illas
462 2771 748 2838 Cypriani
769 2771 1212 2836 Ephemeridas‚
1241 2786 1389 2835 quas
1410 2771 1723 2822 deauratas
1742 2784 1860 2821 vna
1881 2783 2016 2820 cum
2035 2767 2207 2820 sacris
2227 2767 2429 2833 Biblijs

230 2842 282 2894 &
296 2842 494 2896 Globo
513 2843 760 2909 seipsum
779 2849 1061 2896 mouente
1081 2857 1390 2908 paruoque
1406 2841 1750 2904 Quadrante
1770 2839 1995 2904 semper
2007 2838 2201 2891 secum
2213 2837 2428 2890 vehere

228 2913 367 2966 solet
387 2914 787 2967 Illustrissimus
807 2915 1083 2979 Princeps
1103 2913 1313 2974 nostem
1334 2916 1397 2964 in
1417 2914 1704 2978 principio
1726 2927 1933 2964 earum
1951 2913 2032 2963 ita
2052 2910 2323 2974 scriptum
2344 2925 2427 2961 re-

229 2988 368 3050 peri.
380 2986 562 3038 Anno
572 2986 695 3051 post
706 2986 1029 3039 exhibitam
1039 2988 1144 3038 toti
1153 2984 1472 3037 Terrarum
1484 2983 1611 3036 orbi
1621 2982 1866 3035 salutem
1876 2982 2049 3047 supra
2059 2980 2430 3033 millesimum

230 3057 757 3122 quingentefimum
789 3056 1273 3123 quinquagefimo
1304 3053 1517 3108 offlano
1547 3057 1877 3119 comparuit
1907 3053 2172 3112 Cometa,
2210 3054 2312 3117 qui
2356 3051 2427 3104 13.

155 3130 182 3173 ‘1‘
231 3128 475 3181 Calend.
497 3128 788 3194 Septemb.
810 3129 1151 3182 obseruatus
1179 3128 1254 3179 est
1279 3127 1354 3180 ab
1381 3126 1747 3178 Illustrissimo
1772 3125 2038 3190 Principe
2059 3139 2127 3176 ac
2147 3123 2428 3182 Domin0,

137 3214 183 3250 40
230 3198 303 3252 D.
315 3199 801 3254 GVILHELMO
814 3198 1395 3253 LANDTGRAVIO
1408 3196 1721 3250 HASSIAE
1731 3212 1835 3262 per
1842 3195 2207 3260 Torquetum
2218 3194 2429 3246 horam

230 3272 452 3323 circiter
471 3287 698 3324 nonam
717 3275 780 3324 in
799 3272 873 3324 21.
891 3271 1074 3325 Grad.
1091 3278 1176 3337 np,
1198 3269 1532 3323 Latitudine
1553 3268 1626 3320 31.
1644 3267 1825 3321 Grad.
1848 3267 1921 3320 ab
1943 3266 2221 3331 Ecliptica
2241 3280 2427 3317 remo-

228 3347 337 3402 tuS,
365 3357 598 3395 comam
623 3343 822 3396 versus
849 3350 1173 3395 extremam
1201 3340 1407 3393 caudae
1433 3339 1592 3392 Vrsae
1619 3339 1870 3392 Maioris
1896 3337 2266 3403 protendenS,
2295 3350 2428 3457 cur-n

371 3424 437 3459 κού
2313 3421 2370 3472 ip
2397 3420 2427 3456 e
