2748 4204
441 296 529 346 192
601 307 603 309 ’
787 288 1386 342 EPISTOLARUM
1414 285 2240 340 ASTRONOMICARUM

438 435 564 483 nias
590 432 821 481 caeteriS.
849 429 1004 478 Bene
1030 429 1197 490 igitur
1215 426 1622 489 superinducis‚
1649 424 1805 488 quod
1826 438 1910 482 ea,
1938 438 2070 486 quae
2090 423 2161 473 de
2180 422 2462 476 Trabibus
2481 424 2582 476 dis-

438 500 806 556 currentibuS‚
835 510 1083 559 quarum
1100 495 1244 545 forte
1265 495 1559 546 occasione
1579 497 1641 545 in
1659 501 1779 544 tam
1798 492 2013 543 absona
2031 492 2328 556 prolapsus
2348 508 2425 554 es,
2452 508 2583 545 cum
2640 520 2652 535 ·

436 584 639 620 reuera
658 567 771 617 huc
791 565 937 616 nihil
956 564 1268 623 conferant,
1288 571 1628 626 tantumque
1648 563 1775 613 haec
1793 564 2047 612 inuicem
2067 561 2280 619 distent,
2301 571 2585 626 quantum

438 638 665 690 Caelum
680 636 730 686 &
742 635 936 693 Terra,
956 633 1183 696 prorsus
1202 633 1342 684 falsa
1362 634 1462 683 esse
1483 631 1943 696 deprehenderis.
1966 631 2276 682 Habebam
2292 635 2354 683 in
2368 636 2583 692 anim0,

435 715 488 757 te
508 707 718 756 vltimis
737 705 912 754 literis
933 702 984 753 81
1004 703 1074 753 de
1093 702 1183 752 his
1209 702 1540 761 admonere,
1568 701 1725 764 quod
1751 701 2046 763 quomodo
2071 700 2437 764 neglexerim,
2463 718 2585 753 non

436 775 716 826 recordor.
744 774 900 824 Nam
925 775 987 822 in
1011 772 1212 834 scripto
1237 777 1339 822 tuo
1362 772 1432 822 de
1454 771 1700 822 Cometa
1719 771 1878 820 Anni
1897 770 1980 821 85.
2001 770 2097 821 vbi
2115 770 2254 822 talia
2272 772 2584 823 asseuerare

436 846 677 903 conariS,
698 843 771 893 ad
789 844 1110 905 marginem
1128 843 1428 891 memoriae
1448 841 1631 891 caussa
1649 839 1777 890 haec
1797 841 2158 898 annotatam,
2183 855 2315 903 quae
2335 841 2428 892 vel
2449 847 2586 892 tunc

433 914 524 965 vel
544 914 688 964 alias
707 927 808 975 per
828 913 1314 974 opportunitatem
1334 908 1908 960 commonefacienda
1927 908 2083 960 duxi.
2110 909 2346 961 Halitus
2367 910 2450 961 isti
2469 911 2585 962 fiue

435 982 743 1034 Chasmata
768 981 936 1044 longe
961 980 1087 1030 sunt
1113 979 1280 1030 nobis
1301 981 1590 1042 propiora,
1618 993 1796 1042 quam
1816 979 1971 1042 quod
1991 978 2252 1043 hyberno
2271 986 2530 1043 tempore
2550 996 2586 1032 a

433 1052 564 1104 Sole
578 1053 824 1102 nimium
838 1050 988 1101 infra
999 1050 1383 1100 Horizontem
1397 1048 1660 1111 depress0‚
1675 1048 1995 1099 illuminari
2008 1056 2239 1112 queant,
2249 1049 2428 1100 veluti
2438 1053 2584 1101 ratio

434 1123 597 1173 docet
623 1121 990 1172 Geometrica
1010 1119 1060 1169 &
1082 1119 1302 1182 Optica.
1331 1117 1491 1180 Quin
1511 1117 1562 1168 &
1581 1118 1760 1168 Anno
1786 1118 1927 1170 1588.
1955 1121 2079 1169 eius
2104 1121 2187 1169 rei
2213 1119 2452 1170 euidens
2476 1119 2584 1171 feci

432 1190 752 1254 periculum
780 1190 870 1240 die
899 1189 946 1239 6.
978 1187 1249 1239 Decemb.
1280 1190 1430 1238 circa
1459 1186 1727 1239 octauam
1753 1187 2149 1251 vespertinam.
2179 1189 2584 1240 Animaduerti

433 1263 588 1311 enim
607 1267 742 1310 tunc
762 1265 1029 1310 accurata
1042 1255 1388 1320 inspectione
1405 1257 1718 1308 Chasmata
1731 1257 2163 1321 quamplurima
2175 1258 2447 1310 hincinde
2460 1274 2583 1310 ver-

430 1330 521 1380 sus
541 1330 998 1392 Septentrionem
1016 1327 1276 1378 volantia
1294 1327 1736 1390 albicantiaque,
1756 1329 1836 1378 ita
1853 1334 1913 1378 vt
1930 1327 2131 1378 lumen
2151 1327 2444 1391 quoddam
2463 1343 2584 1379 vm-

429 1399 594 1450 bram
614 1401 787 1449 etiam
806 1397 1000 1447 Terrae
1020 1396 1303 1447 illustrans
1322 1411 1444 1459 prae
1463 1396 1518 1447 se
1537 1396 1765 1456 ferrent,
1788 1396 1958 1460 longe
1978 1396 2146 1448 nobis
2165 1400 2446 1449 viciniora
2465 1398 2583 1458 esse,

431 1468 768 1531 quibusdam
789 1466 1140 1518 densioribus
1160 1466 1410 1517 nubibus
1425 1469 1575 1517 circa
1589 1467 1975 1517 Horizontem
1989 1467 2243 1518 Boreum
2255 1466 2586 1532 segregatim

430 1537 698 1601 disperES‚
719 1537 866 1587 adeo
880 1543 939 1587 vt
954 1535 1266 1587 Chasmata
1281 1535 1382 1587 illa
1394 1539 1543 1587 inter
1555 1550 1664 1587 nos
1678 1536 1729 1587 &
1743 1535 1943 1594 nubes,
1965 1535 2275 1588 discurrere
2290 1538 2586 1588 euidenter

431 1613 787 1670 apparerent,
808 1608 887 1657 ita
899 1612 958 1656 vt
973 1605 1023 1656 81
1036 1605 1132 1670 alij
1151 1620 1222 1656 ex
1234 1608 1395 1665 meiS,
1417 1605 1626 1669 quibus
1646 1605 2048 1665 monstrabam,
2068 1606 2126 1657 id
2145 1605 2275 1657 satis
2293 1606 2585 1670 perspicue

430 1676 822 1727 discernerent.
849 1676 904 1726 A
930 1675 1062 1727 Sole
1087 1678 1256 1739 igitur
1279 1675 1473 1726 versus
1499 1676 1823 1739 Antipodas
1847 1675 2151 1736 submers0,
2177 1676 2277 1728 ista
2299 1691 2586 1740 vaporum

429 1746 776 1796 illuminatio
796 1744 921 1796 fieri
941 1745 1237 1808 nequibat;
1259 1760 1392 1796 cum
1411 1760 1486 1796 ne
1506 1744 1691 1796 nubes
1711 1746 1946 1809 quidem
1964 1745 2134 1810 longe
2148 1761 2185 1797 a
2200 1745 2381 1797 Terra
2399 1761 2584 1797 remo-

428 1819 600 1866 tiores
628 1815 799 1879 ipfius
827 1815 1027 1866 lumen
1054 1815 1364 1878 percellere
1392 1818 1655 1879 potuerit,
1686 1816 1842 1879 quod
1870 1814 2036 1866 facile
2065 1815 2430 1867 Geometrice
2458 1815 2585 1867 haec

428 1885 814 1936 mensurando
833 1885 1061 1948 patebit.
1084 1885 1286 1936 Nubes
1302 1892 1499 1936 autem
1512 1885 1646 1945 illae,
1667 1885 1738 1936 de
1752 1885 1961 1948 quibus
1974 1885 2199 1949 loquor,
2220 1901 2341 1936 non
2353 1885 2586 1937 fuerunt

430 1958 735 2013 continuae‚
774 1955 867 2006 sed
898 1957 1047 2006 circa
1079 1954 1466 2006 Horizontem
1495 1955 1726 2019 sparsim
1757 1954 2049 2018 dispofitae,
2082 1955 2157 2006 ad
2187 1955 2584 2015 Altitudinem,

430 2040 546 2088 quo
572 2026 646 2076 ad
667 2024 942 2076 visibilem
962 2025 1364 2084 Horizontem,
1392 2028 1611 2076 circiter
1635 2025 1921 2089 graduum
1946 2025 2018 2076 10.
2047 2025 2201 2076 Cum
2226 2027 2395 2089 igitur
2420 2025 2581 2090 Radij

429 2094 658 2146 Solares
682 2102 903 2158 partem
922 2094 1141 2145 vmbrae
1161 2093 1357 2146 Terrae
1376 2095 1544 2146 nobis
1564 2095 1712 2146 adeo
1732 2097 2123 2158 propinquam
2141 2098 2203 2146 in
2221 2094 2321 2146 ista
2340 2098 2465 2146 eius
2483 2094 2583 2146 sub

428 2165 811 2215 Horizontem
826 2164 1178 2215 demersione
1192 2180 1314 2215 non
1325 2167 1673 2229 contingant,
1687 2164 1888 2216 frustra
1901 2165 2165 2225 asseritur,
2179 2180 2281 2228 per
2293 2164 2583 2216 illumina-

426 2237 642 2284 tionem
669 2235 741 2285 ab
767 2234 878 2285 hoc
907 2236 1207 2298 quippiam
1236 2234 1581 2286 eiuscemodi
1610 2237 1954 2298 contingere.
1985 2234 2182 2286 Simile
2212 2235 2351 2298 quid
2378 2234 2585 2298 saepius

427 2304 797 2363 consideraui,
829 2304 1141 2367 praesertim
1171 2304 1283 2355 hoc
1314 2304 1434 2368 ipso
1465 2305 1644 2355 Anno
1676 2304 1768 2355 die
1800 2304 1848 2355 2.
1879 2305 2152 2369 Ianuarij‚
2186 2320 2319 2355 cum
2351 2320 2583 2368 quoque

427 2376 575 2424 circa
607 2372 875 2425 octauam
905 2374 1301 2437 vespertinam,
1341 2374 1577 2438 quando
1608 2374 1860 2438 plurima
1891 2375 1966 2426 ad
1997 2374 2459 2438 Septentrionem
2488 2374 2583 2425 hic

425 2442 819 2506 spectabantur
850 2443 1178 2504 Chasmata,
1218 2459 1350 2507 quae
1387 2444 1638 2496 nubibus
1674 2443 1843 2508 longe
1880 2447 2155 2508 propiora
2186 2444 2580 2495 cernebantur.

427 2513 792 2577 Quapropter
811 2513 1012 2564 frustra
1029 2513 1165 2565 hinc
1186 2514 1406 2577 aliquid
1425 2513 1645 2579 subfidij
1668 2514 1884 2579 petijsti,
1903 2529 2009 2577 pro
2028 2514 2344 2566 innaturali
2358 2514 2458 2565 illa
2472 2513 2582 2565 Co-

426 2590 711 2634 metarum
731 2586 1100 2647 generatione
1120 2583 1469 2635 stabilienda.
1490 2585 1684 2647 Atque
1703 2584 1743 2635 fi
1762 2584 1899 2635 scire
1919 2586 2096 2647 cupis,
2118 2583 2257 2647 quid
2278 2599 2383 2647 ego
2403 2583 2473 2635 de
2493 2583 2584 2634 his

430 2652 752 2704 Chasmatis
777 2653 1031 2712 sentiam,
1062 2653 1552 2717 Sulphureitatem
1577 2655 1875 2718 quandam
1898 2653 2241 2705 Terrestrem
2266 2656 2328 2704 in
2352 2656 2582 2717 propin-

429 2738 545 2785 quo
565 2724 717 2773 Aere
737 2724 1051 2783 ardentem,
1078 2723 1617 2787 discurrentemque‚
1645 2723 1696 2774 &
1721 2739 2151 2787 nonnunquam
2169 2723 2343 2787 vsque
2367 2722 2440 2774 ad
2459 2737 2582 2774 ver-

426 2795 595 2842 ticem
614 2792 972 2844 ascendendo
991 2800 1176 2844 totum
1190 2793 1421 2845 Caelum
1441 2793 1842 2857 complentem,
1862 2796 1924 2844 in
1942 2793 2173 2845 modica
2190 2799 2388 2844 tamen
2406 2808 2443 2844 a
2460 2791 2583 2843 visu

426 2862 613 2912 nostro
634 2862 908 2922 distantia,
930 2863 1030 2913 esse
1050 2863 1258 2922 iudic0‚
1275 2870 1584 2915 ventorum
1597 2870 1697 2915 aut
1710 2863 1967 2914 siccitatis
1982 2862 2033 2914 &
2045 2862 2269 2927 frigoris
2281 2863 2446 2914 breui
2458 2862 2581 2914 sub-

425 2930 783 2993 sequentium
808 2935 1158 2995 praenuntia;
1187 2933 1476 2984 interdum
1503 2936 1693 2992 etiam,
1720 2933 1760 2983 fi
1784 2933 1992 2997 saepius
2017 2935 2364 2997 contingant,
2394 2931 2581 2983 nimis-

428 3015 540 3063 que
566 3002 665 3052 diu
691 3001 912 3062 durent,
939 3003 1108 3053 Aeris
1128 3003 1202 3054 ad
1223 3006 1553 3067 contagium
1573 3003 1922 3067 Epidemicae
1941 3002 2054 3054 luis
2072 3002 2335 3066 propenfi
2354 3002 2581 3053 indicia.

427 3065 668 3137 Ha-ssbet
699 3074 855 3121 enim
885 3072 1122 3123 morbus
1153 3072 1247 3124 iste
1280 3088 1413 3123 cum
1439 3072 1768 3137 Sulphurea
1798 3079 2009 3124 natura
2039 3087 2161 3123 non
2191 3087 2400 3136 parum
2429 3086 2580 3123 com-

425 3154 619 3199 mune,
640 3140 790 3191 vnde
811 3143 985 3192 etiam
1003 3156 1105 3204 per
1119 3141 1374 3206 Sulphur
1386 3143 1638 3194 terrestre
1653 3142 1997 3194 excellenter
2010 3142 2355 3205 depuratum
2369 3141 2581 3192 exalta-

425 3215 681 3272 tumque,
708 3210 1019 3273 praesertim
1038 3211 1078 3261 fi
1096 3214 1159 3262 in
1177 3211 1466 3275 liquorem
1485 3219 1711 3276 gratum
1730 3212 2052 3271 reclinetur,
2077 3212 2396 3276 expeditius
2414 3210 2581 3262 solui-

424 3285 531 3338 tur,
560 3285 840 3342 tanquam
868 3279 1046 3331 fimile
1074 3279 1176 3332 suo
1204 3280 1385 3333 simili.
1415 3282 1624 3346 Neque
1653 3285 1811 3333 enim
1835 3282 1893 3333 id
1921 3281 2338 3334 Galenicorum
2362 3280 2582 3344 semper

2377 3365 2582 3402 verum

2637 1068 2678 1102 10

2637 1416 2678 1450 15

2634 1763 2679 1797 20

2632 2111 2678 2146 25

2631 2808 2676 2842 35

2617 3079 2697 3123 163
