2748 4204
1005 314 1254 366 LIBER
1280 315 1605 368 PRIMUS
2308 316 2414 369 249

203 459 363 524 quod
385 473 594 510 eorum
612 471 773 508 nunc
792 455 960 507 nullo
979 471 1207 521 egeam;
1228 473 1373 508 nam
1387 457 1670 522 quosdam
1684 458 2035 510 iamdudum
2049 457 2255 511 nactus
2268 458 2411 520 sum,

203 533 306 595 qui
331 528 477 581 illud
498 528 668 593 Opus
694 526 1024 591 expediant.
1054 527 1121 579 C.
1143 527 1208 580 T.
1236 527 1628 580 nihilominus
1653 545 1762 593 pro
1789 530 1988 582 oblata
2013 530 2287 583 clementi
2311 546 2412 582 vo-

202 601 442 658 luntate,
471 598 732 651 officiose
752 600 967 664 gratias
987 614 1116 663 ag0,
1143 601 1225 650 vti
1253 602 1431 651 etiam
1457 615 1565 663 pro
1586 603 2036 654 communicatis
2056 605 2248 662 nouiS,
2276 617 2412 667 quae

202 677 440 736 accepta
459 669 608 722 mihi
626 669 881 722 fuerunt.

131 762 153 796 5
274 742 583 807 Quantum
602 741 679 793 ad
698 740 809 793 has
829 741 1117 806 Regiones
1137 743 1364 801 attinet;
1389 744 1536 793 noui
1556 741 1706 793 nihil
1725 742 1840 794 scio
1861 744 2021 808 quod
2043 744 2110 796 C.
2131 744 2196 796 T.
2219 744 2411 796 rescri-

199 815 355 867 bam.
385 814 548 865 Nam
574 812 791 865 Daniae
819 811 871 863 &
897 812 1220 877 Noruegiae
1247 812 1443 864 Status
1473 812 1627 876 (laus
1654 813 1845 877 DEO)
1872 814 2152 878 pacificus
2179 815 2231 867 &
2256 822 2411 868 tran-

201 885 421 950 quillus
450 884 540 936 eft.
573 883 966 948 Omnipotens
996 883 1201 936 DEVS
1229 886 1479 948 gratiam
1506 883 1674 936 suam
1701 900 1878 949 porro
1910 886 2206 939 concedat.
2236 887 2414 940 Plura

202 956 270 1009 C.
290 955 356 1008 T.
377 955 492 1007 hoc
511 962 775 1020 tempore
796 970 932 1019 quae
952 954 1199 1007 scribam
1218 970 1343 1006 non
1362 953 1580 1014 habeo;
1609 955 1650 1006 fi
1677 956 1819 1020 quid
1842 963 2043 1008 tamen
2063 960 2298 1009 interim
2319 974 2411 1010 oc-

201 1034 408 1088 curret,
428 1027 488 1079 id
508 1026 576 1079 C.
597 1026 663 1078 T.
684 1027 878 1091 prima
897 1025 1200 1078 occafione
1220 1025 1524 1078 referetur:
1547 1026 1781 1091 Hisque
1804 1027 1870 1080 C.
1886 1027 1951 1079 T.
1975 1028 2413 1093 Omnipotentis

110 1117 152 1151 ιο
201 1099 337 1151 DEI
363 1098 579 1159 tutelae,
606 1104 666 1149 vt
692 1097 973 1150 diuturna
998 1097 1338 1149 valetudine
1365 1096 1418 1148 &
1443 1097 1691 1162 pacifica
1715 1098 2140 1163 gubernatione
2168 1100 2411 1160 fruatur,

200 1169 677 1222 commendatam
696 1168 893 1221 velim.
921 1168 1148 1221 Datum
1167 1169 1540 1234 Vraniburgi,
1567 1169 1652 1221 26.
1676 1169 2047 1234 Septembris,
2075 1171 2258 1223 Anno
2279 1172 2411 1224 1591.

1347 1262 1413 1316 T.
1436 1263 1626 1316 Celfit.

1552 1333 1841 1388 Addifflss.

1754 1406 1997 1461 TYCHO
2024 1408 2269 1462 BRAHE.

110 1545 151 1579 1⁵
998 1528 1621 1589 POSTSCRIPTA.

316 1620 719 1685 OSTQVAM‚
741 1636 815 1673 ex
828 1620 971 1673 C.T.
992 1620 1174 1673 literis
1194 1620 1474 1681 intellexi,
1496 1620 2105 1674 ROTHMANNVM
2125 1623 2411 1683 nondum,

313 1692 409 1745 vel
427 1699 591 1745 tanto
611 1692 925 1757 interlapso
945 1698 1227 1757 tempore,
1254 1692 1556 1744 reuersum
1583 1693 1704 1752 esse,
1732 1693 1808 1745 est
1835 1710 1939 1746 cur
1957 1693 2204 1759 suspicer
2223 1694 2412 1759 ipsum

201 1763 645 1828 descriptionem
663 1779 938 1815 meorum
959 1763 1501 1824 Instrumentorum,
1530 1780 1713 1829 quam
1738 1765 1836 1817 hic
1856 1765 2106 1817 studiose
2128 1769 2411 1826 exarauit,

199 1838 299 1887 vix
318 1836 395 1888 ad
415 1835 482 1888 C.
504 1835 570 1887 T.
591 1835 963 1888 transmifisse.
991 1835 1212 1887 Idcirco
1240 1839 1509 1887 omittere
1535 1836 1705 1888 nolui
1725 1839 1870 1901 quin
1890 1837 2257 1889 Amanuenfi
2276 1853 2412 1889 meo

106 1924 152 1959 20
202 1906 565 1960 Germanico
585 1909 986 1972 praeciperem,
1006 1914 1067 1958 vt
1087 1922 1298 1959 eorum
1317 1907 1740 1959 indicationem
1760 1908 2027 1973 aliquam
2049 1908 2271 1973 (quoad
2290 1915 2413 1980 tam

201 1981 314 2033 cito
342 1978 471 2030 fieri
499 1978 695 2044 posset)
726 1977 1129 2030 conscriberet:
1164 1994 1347 2043 quam
1377 1978 1445 2031 C.
1475 1978 1541 2031 T.
1572 1978 1725 2031 hisce
1758 1979 2098 2033 adiunffitam
2130 1996 2234 2045 per
2264 1995 2411 2045 prae-

200 2047 420 2102 dictum
432 2065 686 2115 puerum
700 2057 1012 2114 acceptura
1026 2050 1118 2102 est.
1134 2050 1395 2114 Quando
1410 2050 1559 2102 alias
1572 2051 1720 2102 mihi
1734 2067 1838 2116 per
1852 2054 2203 2117 oportunius
2215 2054 2412 2104 ocium

199 2121 445 2179 vacabit,
461 2123 732 2174 animum
746 2122 971 2182 induxi,
987 2124 1193 2174 omnia
1205 2137 1342 2174 mea
1356 2121 1744 2175 Instrumenta
1754 2123 2164 2175 Astronomica
2176 2124 2412 2175 vberius

201 2192 253 2244 81
278 2196 609 2245 accuratius
627 2209 749 2245 vna
773 2209 910 2245 cum
934 2193 1158 2245 fabrica
1184 2208 1394 2245 eorum
1414 2208 1483 2245 ac
1502 2194 1607 2246 vsu
1630 2194 1967 2259 explanare.
1995 2194 2234 2246 Interim
2256 2194 2323 2247 C.
2344 2193 2410 2246 T.

105 2281 151 2316 25
199 2264 444 2316 breuem
462 2263 619 2317 hanc
639 2263 1140 2330 consignationem
1161 2265 1478 2317 clementer
1499 2273 1772 2330 acceptet.
1795 2266 2022 2318 Datum
2041 2273 2100 2318 vt
2119 2265 2309 2331 supra.
2325 2261 2346 2333 ΙΙ

343 3463 389 3498 32
2271 3454 2406 3505 ΕΙΝ
