2748 4204
394 288 495 338 228
740 284 1343 335 EPISTOLARUM
1369 283 2199 335 ASTRONOMICARUM

391 424 591 475 Baltici
617 425 797 485 magis
822 425 1119 484 magisque
1145 424 1494 484 importunae
1521 422 1793 480 euadunt,
1822 421 2007 485 ipsum
2035 420 2372 472 adhortatus
2399 421 2539 482 sum,

389 497 507 543 imo
529 498 809 554 quantum
829 486 850 556 ΙΙ
869 490 1025 540 licuit
1044 490 1167 548 vrfi,
1188 497 1246 540 vt
1266 506 1444 553 quam
1465 492 1708 541 citissime
1729 490 1855 541 fieri
1875 491 2061 553 posset,
2087 490 2141 541 se
2163 490 2429 542 Cassellas
2455 507 2538 543 re·
2575 502 2654 546 198
2742 536 2746 542 .

389 565 611 624 ciperet.
643 561 849 622 Neque
879 562 1034 609 enim
1063 559 1412 618 dubitabam,
1444 559 1629 611 Celfit.
1653 559 1716 610 T.
1747 559 2021 610 defiderio
2051 559 2424 623 cognoscendi
2453 576 2538 621 ea,

388 645 518 693 quae
547 629 641 679 hic
669 629 904 686 viderat,
938 643 1185 691 quaeque
1214 644 1445 679 mecum
1475 635 1679 692 egerat,
1712 628 1965 691 impense
1994 631 2190 680 teneri.
2223 629 2276 679 Is
2305 630 2539 692 quidem

386 699 718 762 propediem
737 697 791 747 se
811 697 945 747 istuc
965 698 1282 748 rediturum
1302 698 1629 760 spondebat,
1657 706 1714 749 at
1739 700 1969 748 interim
1990 713 2092 761 per
2110 701 2357 761 patriam
2375 699 2538 751 suam
2589 719 2608 752 5

384 768 482 818 fibi
501 767 926 825 transeundum,
954 770 1316 829 negotiorum
1336 768 1706 830 quorundam
1726 767 2219 830 expediendorum
2237 771 2433 832 gratia,
2454 785 2537 820 re-

383 837 612 887 ferebat.
640 836 788 886 Fieri
808 839 1001 898 itaque
1021 836 1210 899 potest,
1231 843 1290 887 vt
1309 837 1422 887 istic
1441 836 1898 887 valetudinarius
1918 836 2217 897 delitescat,
2242 844 2362 889 erat
2383 842 2539 890 enim

385 921 514 956 cum
530 905 664 955 hinc
679 905 988 964 decederet,
1003 908 1198 956 minus
1212 905 1403 957 adhuc
1415 905 1757 957 confirmata
1766 905 2019 965 sanitate,
2036 907 2191 970 quod
2204 907 2361 958 color
2370 907 2537 959 faciei

384 975 698 1026 admodum
723 974 1050 1037 pallescenS,
1076 974 1207 1025 satis
1232 975 1526 1026 innuebat.
1553 976 1631 1026 At
1651 975 1807 1038 quod
1826 990 1928 1038 per
1947 976 2140 1027 literas
2160 977 2418 1040 idipsum,
2445 978 2538 1029 vel

383 1045 422 1095 fi
450 1059 595 1107 quas
623 1044 767 1095 alias
795 1043 1060 1095 habuerit
1088 1045 1377 1095 diuturnae
1406 1045 1558 1095 istius
1587 1060 1769 1095 morae
1799 1045 2014 1104 causaS,
2046 1061 2167 1097 non
2198 1046 2535 1110 significarit,
2589 1066 2629 1100 ιο

381 1116 579 1164 miror:
609 1129 797 1176 neque
825 1116 981 1164 enim
1005 1114 1171 1168 facile
1198 1114 1551 1174 crediderim,
1579 1114 1918 1166 humanitus
1943 1115 2043 1178 ipfi
2069 1118 2367 1179 quippiam
2393 1120 2535 1168 acci-

382 1184 523 1234 disse.
539 1183 852 1234 Videbatur
872 1183 1016 1234 alias
1029 1183 1093 1234 T.
1110 1183 1295 1235 Celfit.
1311 1187 1390 1234 vti
1410 1199 1515 1247 par
1535 1191 1671 1243 erat,
1693 1184 2235 1247 obsequentissimus:
2257 1186 2325 1237 Et
2339 1186 2534 1238 Stella-

380 1268 510 1303 rum
530 1252 962 1315 descriptionem
983 1259 1155 1316 atque
1176 1269 1247 1304 ex
1264 1253 1758 1305 obseruationibus
1772 1254 1963 1305 vestris
1977 1255 2534 1317 demonstrationem,

380 1328 548 1385 prout
569 1322 651 1372 illi
670 1321 990 1373 iniunctum
1006 1329 1142 1382 erat,
1162 1323 1326 1374 breui
1339 1323 1393 1374 se
1408 1326 1607 1374 animo
1621 1323 1841 1375 lubenti
1855 1323 2250 1376 absoluturum
2263 1325 2392 1377 satis
2405 1341 2533 1389 pro-

378 1391 543 1442 mifit:
566 1392 720 1454 quod
740 1397 799 1442 vt
817 1398 1040 1443 mature
1062 1395 1236 1443 etiam
1257 1392 1521 1452 efficeret,
1542 1393 1727 1456 ipsum
1746 1393 1941 1444 sedulo
1963 1393 2013 1444 &
2032 1394 2239 1458 saepius
2258 1395 2533 1460 instigaui,
2588 1413 2627 1447 15

379 1476 495 1523 quo
511 1461 739 1512 collatio
754 1462 988 1512 tandem
1000 1464 1148 1513 inter
1161 1462 1378 1514 nostras
1387 1465 1655 1526 vtrinque
1669 1463 2114 1515 obseruationes
2124 1464 2334 1515 institui
2345 1473 2533 1528 queat,

379 1530 430 1580 &
444 1546 560 1593 qua
573 1530 643 1581 de
659 1530 828 1581 causa
842 1531 1040 1593 Quina
1052 1532 1153 1583 illa
1167 1532 1466 1596 Scrupula‚
1480 1535 1542 1583 in
1557 1533 1765 1596 quibus
1780 1532 2114 1594 differimuS,
2133 1534 2533 1595 defiderentur,

379 1600 630 1651 euidenti
655 1600 853 1663 aliqua
873 1601 1345 1664 comprobatione
1367 1603 1607 1654 enodari
1625 1604 1795 1666 possit.
1824 1603 1978 1654 Cum
1999 1610 2193 1655 autem
2214 1619 2286 1655 ex
2305 1619 2375 1655 eo
2395 1611 2533 1656 tem-

376 1684 531 1732 pore,
559 1685 675 1732 quo
695 1670 830 1721 hinc
850 1670 1082 1731 decessit,
1110 1675 1352 1723 omnino
1372 1672 1519 1723 nihil
1539 1673 1608 1724 de
1630 1688 1717 1731 e0,
1741 1673 1836 1724 vbi
1855 1673 2118 1724 locorum
2138 1673 2373 1735 haereat,
2401 1690 2532 1725 con-

376 1739 564 1790 stiterit
592 1739 674 1802 (in
693 1739 890 1791 Dania
916 1743 1072 1791 enim
1098 1756 1235 1792 eum
1261 1743 1362 1793 esse
1387 1757 1509 1793 non
1535 1742 1608 1793 est
1633 1742 1789 1806 quod
1809 1742 1873 1793 T.
1896 1743 2080 1795 Celfit.
2101 1743 2428 1807 suspicetur)
2449 1760 2532 1796 re·
2582 1762 2626 1796 20

376 1811 538 1859 mitto
566 1809 773 1868 literaS,
805 1826 949 1873 quas
969 1810 1032 1861 T.
1055 1810 1240 1863 Celfit.
1270 1811 1415 1862 mihi
1443 1827 1546 1875 per
1573 1812 1730 1863 hunc
1760 1813 2010 1864 eundem
2038 1812 2432 1865 Tabellarium
2459 1815 2533 1866 ad

376 1878 541 1929 illum
561 1879 884 1943 dirigendas
903 1881 1221 1932 transmisit:
1249 1897 1383 1933 cum
1403 1882 1589 1934 Celfit.
1610 1882 1674 1933 T.
1695 1882 1878 1933 multo
1899 1883 2262 1934 commodius
2281 1885 2452 1947 possit‚
2472 1887 2534 1935 in

376 1950 493 2011 qua
519 1948 856 2000 Germaniae
881 1957 1042 2013 parte
1067 1967 1224 2002 nunc
1250 1958 1654 2013 commoretur,
1682 1952 1955 2016 expiscari
1982 1952 2044 2015 (fi
2068 1953 2245 2004 modo
2270 1954 2534 2005 nondum

377 2018 640 2069 Cassellas
667 2019 928 2070 reuersus
953 2020 1037 2083 fit)
1064 2027 1237 2084 atque
1265 2036 1335 2072 eo
1359 2021 1569 2081 literas,
1596 2022 1712 2073 fiue
1738 2022 1846 2073 has
1870 2022 1987 2074 fiue
2012 2023 2158 2074 alias
2179 2026 2413 2087 propria
2433 2039 2532 2075 au-

374 2090 597 2139 toritate
624 2089 878 2153 dirigere.
907 2090 1209 2152 Quantum
1235 2092 1309 2143 ad
1329 2091 1776 2143 Mathematicas
1798 2092 2244 2144 obseruationes
2265 2093 2315 2144 &
2335 2093 2531 2145 Stella-
2581 2111 2625 2144 25

373 2173 504 2208 rum
524 2158 797 2209 Fixarum
817 2159 1248 2224 defignationeS‚
1273 2177 1419 2225 quas
1440 2161 1562 2213 Cel.
1583 2161 1647 2213 T.
1668 2161 1767 2213 fibi
1787 2165 2204 2214 communicari
2224 2163 2533 2215 clementer

373 2230 542 2290 cupit,
562 2227 695 2279 sciat
713 2244 808 2279 me
824 2228 1297 2294 octingentarum
1317 2234 1537 2283 circiter
1556 2232 1831 2283 Fixarum
1851 2235 2194 2283 canonicam
2214 2233 2531 2297 descriptio-

373 2312 508 2348 nem
527 2313 683 2349 nunc
702 2299 909 2358 moliri,
932 2315 1178 2364 eamque
1198 2301 1370 2352 Tomi
1389 2302 1560 2352 nostri
1576 2305 1746 2366 primi
1760 2302 2331 2366 Progymnasmatum
2344 2303 2531 2355 Astro-

371 2370 737 2419 nomicorum
758 2369 880 2432 (qui
894 2369 1085 2422 adhuc
1098 2371 1198 2422 sub
1212 2371 1399 2422 Praelo
1414 2371 1509 2434 est)
1525 2371 1718 2435 Capiti
1731 2372 1779 2423 2.
1796 2372 2041 2423 inserere
2056 2373 2372 2433 decreuisse‚
2391 2389 2531 2425 vna-

373 2452 484 2499 que
505 2452 708 2488 earum
729 2438 1175 2492 obseruationes
1196 2457 1341 2505 quas
1360 2441 1541 2493 habui
1561 2444 1962 2500 accuratiores,
1989 2441 2040 2492 ἃ
2065 2442 2156 2494 his
2181 2445 2412 2495 innixas
2438 2444 2530 2495 de·
2582 2459 2626 2494 30

371 2507 806 2559 monstrationes
834 2509 1249 2562 GeometricaS.
1277 2511 1438 2574 Quin
1464 2511 1515 2563 &
1540 2512 1658 2563 alia
1683 2511 1753 2563 de
1774 2512 1907 2563 Sole
1929 2512 1980 2562 &
1999 2513 2168 2563 Luna
2193 2512 2412 2564 caelitus
2439 2514 2532 2565 de-

372 2574 541 2628 ducta
556 2577 887 2638 Obseruata,
910 2586 1082 2644 atque
1102 2583 1164 2632 in
1178 2581 1473 2632 Numeros
1493 2597 1595 2646 per
1607 2581 2056 2646 Triangulorum
2077 2585 2364 2634 rationem
2382 2583 2532 2647 dige-

370 2646 463 2706 sta,
485 2646 638 2698 idem
651 2647 870 2700 Tomus
886 2665 1007 2714 cap.
1023 2652 1060 2702 l.
1076 2649 1491 2715 complectitun
1510 2658 1571 2703 vt
1589 2651 1738 2702 nihil
1757 2652 1946 2703 dicam
1965 2652 2035 2703 de
2055 2654 2141 2717 ijs,
2163 2668 2295 2716 quae
2312 2668 2533 2704 nouam

370 2715 530 2767 illam
551 2716 602 2767 &
620 2717 790 2781 supra
808 2719 1051 2771 modum
1069 2721 1400 2773 mirandam
1419 2722 1579 2772 Anni
1600 2722 1741 2773 1572.
1770 2722 2022 2781 Stellam,
2046 2722 2192 2773 alias
2211 2723 2534 2774 luculenter

369 2784 606 2838 tradtata
637 2796 1006 2841 concernunt.
1046 2790 1274 2853 Quibus
1310 2791 1548 2843 subinde
1586 2791 1873 2843 nonnulla
1903 2792 1978 2843 ad
2009 2792 2263 2855 reliquos
2299 2808 2531 2856 quoque
2580 2808 2624 2842 35

370 2855 635 2907 Planetas
649 2861 1009 2920 pertinentia,
1027 2864 1415 2924 oportunitate
1430 2861 1501 2913 fic
1517 2864 1793 2925 exigente,
1808 2861 2277 2913 intermiscentur.
2299 2862 2532 2914 Ostendi
2579 2866 2607 2908 ἢ·

371 2931 566 2976 autem
594 2926 1120 2982 ROTHMANNO
1153 2930 1248 2982 hic
1276 2931 1540 2995 praesenti
1568 2931 1862 2984 Volumen
1890 2932 2033 2983 illud
2062 2932 2530 2996 Progymnasma-

370 3000 508 3054 tum,
531 2997 724 3059 quoad
744 2997 1022 3050 hactenus
1042 3000 1366 3052 absolutum
1387 3001 1475 3061 est,
1496 3004 1558 3052 in
1573 3017 1690 3064 quo
1706 3004 1882 3052 etiam
1894 3001 2129 3066 pauculi
2143 3001 2532 3053 desiderantur

371 3068 795 3127 quaternioneS‚
818 3083 950 3119 cum
963 3084 1065 3131 per
1078 3069 1132 3120 se
1147 3070 1291 3122 alias
1305 3086 1585 3135 magnum
1598 3071 1674 3130 fit,
1698 3071 1749 3122 &
1767 3071 1942 3135 vsque
1955 3074 2017 3122 in
2032 3074 2299 3134 quintum
2311 3072 2531 3136 Alpha-

368 3134 566 3185 betum
596 3140 926 3188 excreuerit.
956 3139 1010 3189 Is
1038 3139 1101 3190 T.
1130 3139 1196 3191 C.
1226 3140 1297 3191 de
1326 3143 1608 3192 contentis
1637 3144 1699 3192 in
1727 3156 1814 3200 eo,
1844 3147 2130 3204 quatenus
2158 3144 2221 3192 in
2247 3145 2532 3193 memoria
2579 3157 2624 3191 40

369 3203 558 3264 habet,
578 3205 675 3256 vbi
694 3207 955 3258 reuersus
974 3208 1159 3269 fuerit,
1181 3213 1482 3261 certiorem
1501 3210 1668 3262 facile
1682 3211 1894 3262 reddet.
1916 3211 2113 3273 Quam
2125 3213 2379 3275 primum
2391 3227 2531 3263 vero

371 3273 535 3337 Opus
549 3274 709 3334 illud,
730 3276 977 3327 totaliter
989 3278 1187 3330 labore
1200 3278 1641 3344 Typographico
1656 3280 1980 3332 absolutum
1993 3280 2178 3341 fuerit,
2198 3280 2531 3333 nullatenus

368 3345 742 3396 intermittam
757 3349 899 3409 quin
914 3347 979 3398 C.
995 3347 1059 3399 T.
1075 3351 1199 3399 eius
1219 3350 1455 3401 reddam
1477 3352 1831 3414 participem.
1853 3351 1998 3402 Sunt
2018 3351 2532 3472 quaedarrsslizngrezta

2225 3436 2261 3471 o
2344 3435 2453 3472 acu
2477 3437 2529 3479 a,
