2748 4204
131 438 159 480 ÷

1006 284 1252 337 LIBER
1279 285 1602 341 PRIMUS
2326 298 2404 349 151

207 430 650 484 Elementorum
674 425 778 478 scis
806 426 1109 491 quomodo
1133 426 1533 481 PHILIPPVS
1554 429 2201 487 MELANCHTHON
2221 438 2284 487 in
2303 435 2405 489 sua

207 500 446 567 Phyfica
476 499 888 563 Peripateticos
921 496 1328 562 reprehendat,
1362 514 1683 565 veramque
1711 502 2030 556 Aristotelis
2061 504 2404 560 sententiam

206 573 426 625 doceat.
457 570 526 622 Et
550 568 688 621 sane
715 583 851 620 cum
878 568 1167 628 concedis,
1195 567 1372 633 vsque
1394 571 1468 621 ad
1491 571 1723 624 Lunam
1742 574 1962 626 Aerem
1988 575 2404 630 elementarem

207 644 326 704 esse,
357 657 428 694 eo
457 640 579 705 ipso
608 641 1054 705 proportionem
1079 638 1524 693 Elementorum
1552 643 1722 695 tollis.
1755 644 1911 696 Cum
1941 649 2100 698 enim
2126 647 2303 712 vsque
2330 650 2405 702 ad

96 724 176 770 122
206 713 476 766 infimam
490 712 740 770 Lunam,
761 717 821 762 vt
841 717 895 762 te
916 711 1194 762 inuenisse
1214 712 1278 762 in
1298 706 1600 779 se-sscundo
1614 713 1804 766 Tomo
1825 715 1973 768 mihi
1993 718 2306 771 transmisso
2325 727 2404 772 te-

119 1087 159 1122 10

118 1443 158 1477 15

114 2154 159 2189 25

115 2865 160 2900 35

205 785 381 845 stariS,
408 782 513 835 fint
533 782 966 835 Semidiametri
986 780 1187 833 Terrae
1208 782 1294 834 52.
1316 782 1449 846 plus
1470 787 1686 836 centies
1706 786 1918 838 millies
1938 788 2059 840 Aer
2084 792 2274 842 maior
2301 794 2405 842 erit

204 855 326 922 ipso
339 854 538 907 Terrae
554 853 606 905 8(
619 854 815 917 Aquae
835 852 1009 917 globo
1029 852 1214 904 fimul.
1237 852 1391 916 Quae
1412 861 1611 906 autem
1631 860 1930 921 proportio
1952 858 2026 910 est
2047 860 2083 911 1.
2099 860 2175 912 ad
2189 861 2403 914 100000.

205 926 299 979 vel
323 928 519 991 potius
539 926 576 976 1.
598 924 674 977 ad
695 923 911 976 140608.
933 930 992 975 vt
1012 926 1250 975 interim
1271 924 1342 976 de
1363 924 1546 977 Terra
1567 927 1640 978 ab
1661 927 1839 991 Aqua
1858 928 2123 993 separata
2141 931 2404 984 taceam?

206 998 348 1051 Non
366 999 540 1062 igitur
559 997 862 1061 proportio
883 994 1329 1047 Elementorum
1350 996 1545 1048 obstat.
1568 997 1682 1050 Sed
1701 1014 1810 1050 nec
1826 1014 1962 1051 mea
1975 1000 2148 1064 ipfius
2163 1002 2402 1055 demon—

205 1069 414 1128 stratio,
434 1074 494 1120 vt
514 1067 734 1132 obijcis.
757 1066 901 1118 Non
921 1069 1083 1118 enim
1102 1066 1282 1126 volui,
1306 1069 1367 1118 in
1381 1067 1708 1121 Altitudine
1729 1069 1813 1121 30.
1832 1070 2014 1123 Grad.
2036 1072 2264 1124 nullam
2284 1089 2403 1126 am-

206 1140 359 1206 plius
385 1138 513 1191 fieri
538 1138 688 1204 posse
715 1135 1163 1197 Refractionem,
1194 1137 1289 1189 sed
1319 1138 1433 1190 hoc
1462 1146 1692 1191 tantum
1720 1146 2008 1205 tanquam
2036 1146 2280 1207 petitum
2308 1144 2407 1196 seu

206 1210 557 1277 postulatum
585 1225 658 1261 ex
682 1211 888 1274 primis
912 1211 1028 1260 tuis
1048 1208 1229 1261 literis
1249 1209 1325 1261 ad
1347 1209 1781 1263 Illustrissimum
1800 1212 2129 1278 Principem
2148 1215 2405 1267 nostrum

206 1283 374 1335 missis
394 1280 632 1342 assumfi,
653 1287 713 1332 vt
733 1279 1129 1332 demonstrare
1149 1281 1380 1345 possem,
1407 1280 1447 1332 fi
1473 1281 1641 1334 detur
1662 1282 1924 1345 altitudo,
1951 1287 2014 1335 in
2041 1300 2160 1349 qua
2180 1285 2405 1338 Refrac·

206 1357 396 1407 tiones
425 1351 704 1413 definant,
734 1351 863 1404 dari
892 1354 1071 1403 etiam
1101 1358 1326 1416 quanto
1354 1351 1537 1416 spatio
1566 1354 1712 1419 radij
1744 1353 1895 1406 Solis
1920 1355 2140 1408 Aerem
2169 1358 2407 1409 crassum

206 1421 486 1477 irrefrac'ti
498 1429 826 1488 penetrent:
849 1422 1191 1487 Eademque
1206 1422 1619 1477 demonstratio
1633 1426 2014 1489 permanebit,
2035 1426 2167 1480 licet
2181 1427 2406 1480 Refrac·

204 1499 394 1549 tiones
406 1498 507 1547 vix
526 1497 588 1547 in
602 1495 687 1546 40.
703 1494 1048 1546 Altitudinis
1063 1494 1275 1546 Gradu
1295 1494 1575 1547 desinant.
1598 1496 1873 1561 Cumque
1895 1512 1967 1549 ex
1988 1513 2060 1550 ea
2078 1502 2405 1563 proueniat,

205 1582 455 1633 vapores
484 1568 638 1619 circa
663 1565 1059 1618 Horizontem
1087 1565 1353 1630 sextuplo
1382 1570 1650 1631 proxime
1680 1567 1972 1621 denfiores
2003 1570 2106 1621 esse
2136 1585 2317 1634 quam
2346 1573 2408 1622 in

205 1638 530 1691 Altitudine
550 1637 636 1690 30.
656 1639 931 1702 partium,
952 1636 1210 1701 sequitur
1229 1638 1384 1698 inde,
1404 1641 1699 1691 minorem
1718 1643 2160 1704 proportionem
2180 1641 2406 1694 Refrac·

205 1712 393 1763 tiones
420 1708 650 1761 efficere
677 1723 802 1760 non
827 1709 977 1773 posse
1000 1711 1064 1760 in
1085 1723 1157 1761 ea
1176 1708 1527 1770 Altitudine;
1554 1709 1742 1762 multo
1767 1713 1965 1763 minus
1991 1710 2239 1776 spatium
2266 1713 2407 1765 eius-

205 1781 340 1834 dem
353 1780 530 1846 medij
549 1782 702 1832 circa
715 1779 1128 1840 Horizontem,
1144 1778 1438 1833 irrefrac'te
1453 1788 1825 1845 penetratum
1838 1785 2031 1834 maius
2046 1784 2148 1835 esse
2164 1799 2235 1835 eo
2250 1785 2408 1848 quod

206 1850 446 1905 refrac'te
465 1858 820 1916 penetratur.
842 1851 991 1903 Vide
1012 1853 1185 1916 igitur
1205 1867 1285 1903 an
1305 1852 1535 1904 diuerso
1555 1851 1815 1905 AEtheris
1829 1853 1880 1904 8(
1894 1855 2066 1906 Aeris
2086 1854 2407 1919 Diaphano

207 1939 278 1976 ea
303 1922 716 1976 demonstratio
737 1922 1022 1988 applicari
1047 1923 1222 1987 possit.
1252 1922 1406 1986 Quae
1428 1926 1588 1975 enim
1607 1924 2016 1989 multiplicatio
2038 1925 2246 1977 diuerfi
2266 1925 2407 1978 Dia·

205 1994 390 2060 phani
404 2001 506 2047 aut
519 1996 716 2059 potius
729 1995 903 2046 Aeris
917 1993 1015 2046 hic
1030 1995 1133 2046 esse
1147 1994 1326 2059 potest
1336 1993 1363 2046 Ρ
1384 1994 1544 2046 Pone
1560 1998 1720 2047 enim
1734 1995 2232 2048 combinationem
2244 1996 2407 2048 illam

206 2072 477 2119 mutuam
495 2064 756 2118 AEtheris
771 2065 823 2117 8(
837 2066 1010 2117 Aeris
1029 2064 1159 2117 fieri
1178 2068 1242 2118 in
1262 2065 1528 2118 distantia
1548 2066 1632 2118 30.
1655 2066 1992 2119 Semidiam.
2014 2066 2408 2119 Terrenarum

207 2139 244 2190 a
255 2136 557 2202 superficie
568 2136 786 2198 Terrae,
802 2139 866 2189 in
878 2137 1209 2189 Horizonte
1225 2152 1361 2202 quae
1374 2140 1482 2189 erit
1492 2136 1935 2203 multiplicatio?
1950 2138 2236 2191 Nondum
2251 2141 2409 2190 enim

206 2211 269 2261 in
282 2208 612 2261 Horizonte
627 2208 699 2260 31.
717 2208 1056 2261 Semidiam.
1074 2215 1260 2261 erunt.
1280 2208 1508 2261 Scilicet
1522 2210 1668 2274 radij
1686 2216 1768 2261 tot
1782 2209 2258 2262 Semidiametros
2271 2208 2407 2262 Ter-

207 2294 380 2332 renas
406 2279 617 2332 diuerfi
643 2279 951 2345 Diaphani
979 2278 1262 2333 irrefracti
1290 2286 1598 2345 penetrare
1628 2287 1918 2345 poterunt,
1946 2283 2181 2333 vnicam
2210 2288 2408 2333 autem

207 2351 721 2404 Semidiametrum
735 2367 860 2403 non
873 2350 1111 2416 possint'?
1133 2351 1312 2415 Quod
1325 2367 1467 2403 vero
1484 2351 1790 2412 existimaS,
1806 2351 2026 2404 etiamfi
2040 2351 2406 2412 concedatur,

208 2422 366 2487 quod
392 2422 560 2474 nulla
584 2422 689 2475 fiat
709 2420 998 2475 Refractio
1025 2425 1087 2474 in
1114 2422 1246 2475 loco
1273 2425 1541 2487 proxime
1565 2422 1881 2483 sublunari,
1909 2438 2032 2475 non
2051 2429 2251 2475 tamen
2270 2423 2406 2474 inde

205 2492 382 2558 sequi,
411 2500 472 2545 vt
502 2493 738 2546 Caelum
772 2493 835 2558 (fi
863 2493 1045 2546 modo
1075 2493 1424 2546 circumfusa
1452 2493 1555 2546 illa
1582 2497 1845 2555 materia,
1876 2500 1935 2545 vt
1964 2500 2140 2545 antea
2168 2509 2405 2558 quoque

205 2564 342 2625 dixi,
364 2564 600 2618 Caelum
621 2565 980 2630 appellanda
1000 2565 1096 2617 est:
1119 2565 1191 2617 de
1213 2581 1285 2618 ea
1303 2568 1463 2617 enim
1475 2565 1817 2630 loquimur‚)
1838 2571 1898 2616 vt
1911 2567 2158 2629 inquam
2173 2564 2407 2617 Caelum

207 2651 280 2688 ex
292 2638 448 2689 Aere
463 2636 823 2689 Elementari
837 2636 1071 2689 constet:
1094 2636 1246 2689 Illud
1260 2637 1433 2702 longe
1448 2636 1616 2689 aliter
1629 2636 1685 2687 se
1699 2635 1890 2688 habet.
1913 2635 2406 2700 Quandocunque

207 2709 366 2759 enim
386 2708 600 2760 dantur
620 2708 850 2760 diuersa
864 2707 1204 2773 Diaphana,
1226 2708 1399 2760 datur
1419 2710 1596 2759 etiam
1610 2705 1896 2759 Refractio
1918 2714 2081 2758 extra
2100 2706 2404 2771 perpendi-

208 2778 484 2840 cularem,
512 2778 565 2831 8(
591 2780 1072 2844 quandocunque
1094 2778 1383 2831 Refractio
1411 2786 1574 2831 extra
1599 2777 2144 2843 perpendicularem
2169 2777 2405 2836 tollitur,

206 2849 426 2902 tollitur
452 2853 630 2903 etiam
656 2850 958 2903 diuerfitas
978 2850 1457 2915 Diaphanorum,
1485 2856 1544 2901 vt
1569 2848 1939 2902 manifestum
1966 2848 2040 2900 eft
2067 2863 2139 2900 ex
2165 2851 2332 2912 capit.
2356 2848 2405 2899 2.

208 2919 323 2973 &4.
337 2920 634 2974 Alhazeni
653 2922 749 2974 lib.
766 2923 815 2975 7.
832 2922 885 2974 8(
900 2938 973 2974 ex
987 2922 1284 2974 Vitellion.
1305 2922 1401 2974 lib.
1423 2921 1494 2973 10.
1516 2922 1575 2972 P.
1591 2921 1640 2972 3.
1664 2920 1715 2972 8(
1734 2921 1931 2985 passim
1952 2935 2024 2971 ex
2043 2925 2165 2971 tota
2180 2919 2405 2984 Optica.

209 2991 458 3045 Diuersa
486 2995 647 3045 enim
675 2994 874 3046 media
903 2993 1291 3046 diuerfimode
1321 2992 1714 3045 transmittunt
1742 2993 2027 3056 imagines
2056 2993 2141 3042 rei
2166 2990 2303 3042 visae
2332 2990 2407 3041 ad

210 3063 464 3125 oculum,
486 3064 539 3117 8(
558 3080 695 3117 cum
714 3067 974 3130 primum
993 3065 1259 3117 medium
1278 3064 1451 3116 fuerit
1470 3063 1731 3115 subtilius
1746 3062 1798 3114 8(
1812 3065 2001 3114 rarius
2017 3076 2197 3126 quam
2210 3060 2405 3113 secun·

209 3133 367 3195 dum,
405 3138 602 3200 imago
637 3135 868 3188 facilius
902 3136 954 3188 &
985 3136 1248 3188 velocius
1280 3134 1681 3187 transmittitur
1717 3148 1821 3198 per
1858 3135 2115 3198 primum
2146 3132 2408 3184 medium

210 3220 392 3270 quam
410 3221 515 3271 per
533 3207 871 3267 secundum,
901 3207 953 3259 8(
979 3223 1115 3259 cum
1135 3207 1210 3259 ad
1230 3206 1552 3258 secundum
1574 3207 1858 3270 peruenit,
1885 3203 2211 3256 retardatur
2231 3201 2406 3267 quafi,

209 3282 270 3328 vt
298 3292 370 3329 ex
399 3276 563 3331 dictis
592 3279 817 3344 Opticis
846 3285 1056 3330 notum
1086 3278 1177 3330 est.
1208 3277 1378 3329 Vnde
1408 3291 1646 3341 quoque
1678 3275 1775 3327 hic
1807 3275 2005 3327 locum
2036 3273 2254 3326 habere
2286 3287 2408 3325 non

210 3347 387 3411 potest
407 3363 479 3402 ea
499 3349 810 3409 excusatio,
839 3349 999 3414 quod
1022 3349 1220 3401 media
1240 3348 1342 3400 illa
1363 3347 1590 3400 diuersa
1610 3349 1672 3399 in
1692 3352 1900 3398 mutua
1920 3347 2288 3427 connexione
2308 3343 2407 3394 sibi

2133 3428 2404 3472 mmcem,
