2748 4204
1044 337 1292 393 LIBER
1319 338 1641 392 PRIMUS
2390 346 2444 397 21

244 481 556 536 Stellarum
567 484 786 546 ingenti
799 485 1072 543 exercitu,
1082 495 1231 546 quas
1242 478 1528 544 figillatim
1538 488 1661 531 tam
1670 480 1992 534 secundum
2002 483 2444 548 longitudinem,

244 568 425 618 quam
443 552 813 605 latitudinem
833 550 1092 617 respectu
1113 553 1408 614 Eclipticae
1429 554 1846 603 convenienter
1866 553 2146 615 demetiri‚
2174 555 2226 606 8(
2251 560 2444 608 termi-

243 639 352 677 nos
371 626 443 689 ijs
463 626 500 675 a
518 621 747 688 punctis
768 622 1302 687 AEquinodtialibus
1322 620 1635 685 praefinire,
1663 622 1825 674 haud
1852 624 2200 687 postremam
2223 632 2443 691 tempo-

242 710 376 748 rum
395 692 828 747 cunctationem
848 694 1143 747 desiderat.
1171 695 1231 747 Si
1249 707 1392 743 vero
1412 693 1685 745 vniuersa
1705 695 2028 746 earundem
2048 696 2328 749 Periodus
2350 699 2443 750 de-

173 784 195 819 5
241 766 362 819 bito
380 765 560 817 modo
581 765 931 830 explicanda
949 764 1113 825 foret,
1142 781 1217 817 ne
1238 764 1564 815 multorum
1585 764 1825 828 quidem
1845 765 2159 818 hominum
2179 768 2280 820 fibi
2299 772 2443 821 invi-

242 851 370 890 cem
382 836 693 889 succedens
708 842 867 897 aetaS,
884 835 982 888 etsi
995 833 1390 889 Methusalaea
1405 835 1546 894 esset,
1562 834 1700 887 huic
1717 835 2279 900 Experimentationi
2293 839 2443 891 suffi-

242 914 408 961 ceret.
438 907 514 959 Vt
540 909 713 973 igitur
740 914 863 959 tam
892 907 1248 966 Errantium‚
1280 921 1461 969 quam
1492 906 1885 958 Inerrantium
1914 908 2045 960 loca
2074 908 2126 960 8(
2154 913 2444 963 motiones

242 985 529 1045 oportune
550 994 623 1031 ex
645 977 1164 1031 observationibus
1184 976 1523 1031 Caelestibus
1544 979 1607 1028 in
1628 978 2034 1031 Numerorum
2054 983 2445 1045 cognitionem

240 1050 650 1116 perducantur,
678 1049 731 1101 8(
755 1049 884 1102 usui
905 1052 1210 1102 communi
1229 1050 1596 1112 adaptentur,
1624 1048 2134 1114 absolvanturque,
2157 1059 2445 1116 quantum

152 1139 193 1173 10
241 1122 314 1175 ab
341 1136 463 1173 uno
488 1121 733 1173 homine
760 1123 888 1173 eius
914 1127 1087 1173 aetate
1113 1120 1371 1186 praestari
1396 1119 1590 1183 potest,
1617 1126 1732 1171 tres
1759 1122 1981 1173 circiter
2006 1122 2324 1175 Annorum
2350 1125 2444 1176 de-

240 1192 412 1245 cades
433 1192 496 1256 (fi
515 1191 695 1244 modo
714 1207 839 1244 non
859 1191 1080 1257 plures)
1102 1194 1324 1257 requiri
1342 1190 1637 1242 videntur:
1661 1190 1828 1254 Quas
1847 1194 2024 1244 etiam
2038 1209 2148 1245 nos
2163 1193 2446 1248 hactenus

239 1264 376 1317 inde
402 1265 438 1315 a
463 1264 655 1328 prima
679 1263 1090 1316 Adolescentia
1115 1263 1254 1316 huic
1280 1262 1470 1316 arduo
1496 1261 1681 1314 studio
1708 1264 2120 1327 impendimus,
2157 1264 2445 1329 Quamvis

240 1335 326 1399 (ut
345 1334 538 1387 dicam
558 1334 718 1399 quod
737 1350 830 1387 res
851 1334 948 1398 est)
976 1337 1170 1400 primo
1192 1337 1416 1387 circiter
1436 1333 1724 1385 decennio
1745 1349 1868 1385 non
1888 1337 2052 1387 tanta
2072 1340 2444 1390 accuratione

99 1415 213 1473 (·*)3r
239 1406 314 1459 ob
334 1405 856 1458 Instrumentorum
882 1406 1254 1467 idoneorum,
1282 1405 1335 1457 8(
1361 1399 1820 1473 opor-ntunitatis
1846 1406 1988 1458 talia
2015 1409 2323 1460 exercendi
2348 1424 2444 1473 pe-

150 1495 191 1529 1⁵
239 1479 491 1539 nuriam‚
513 1484 690 1542 atque
710 1477 951 1542 reliquis
971 1480 1239 1543 proxime
1259 1475 1464 1541 elapfis
1479 1477 1672 1528 Annis
1686 1476 1771 1528 20.
1787 1477 1846 1529 id
1860 1477 2048 1541 ipsum
2061 1479 2443 1542 praestitimuS.

240 1549 401 1601 Nam
413 1548 550 1600 inde
565 1550 602 1600 a
616 1549 846 1601 decimo
863 1548 1022 1601 sexto
1040 1552 1228 1602 aetatis
1242 1548 1424 1600 Anno
1440 1547 1644 1600 Sidera
1663 1549 1923 1600 iucundo
1943 1548 2145 1601 labore
2165 1549 2445 1603 scrutatus

239 1619 381 1679 sum,
410 1620 588 1684 idque
618 1623 680 1672 in
709 1620 1101 1672 adolescentia
1130 1619 1336 1685 Lipfiae
1366 1619 1709 1673 Studiorum
1739 1621 1926 1671 caussa
1953 1635 2211 1682 moranS,
2245 1621 2445 1674 saltem

240 1706 343 1757 per
357 1691 609 1744 Radium
624 1691 1114 1752 Astronomicum,
1137 1707 1273 1744 cum
1293 1691 1413 1744 alia
1434 1690 1676 1756 Organa
1695 1693 1758 1742 in
1779 1692 1850 1742 ea
1868 1694 2135 1744 tenuiore
2158 1699 2327 1745 aetate
2349 1694 2442 1746 de-

241 1761 494 1823 ficerent,
529 1769 820 1827 quantum
851 1763 980 1816 fieri
1011 1770 1254 1828 poterat,
1288 1762 1674 1828 periclitabar.
1716 1762 1869 1826 Quae
1902 1766 2106 1816 omnia
2136 1772 2444 1830 propterea

148 1850 228 1893 20†
241 1849 659 1895 commemoro,
698 1838 910 1899 partim
943 1842 1007 1887 ut
1035 1834 1363 1900 intelligant
1401 1833 1616 1886 harum
1648 1849 1847 1886 rerum
1882 1842 2165 1896 amanteS,
2206 1844 2443 1900 quantae

240 1905 413 1958 molis
437 1905 611 1958 fuerit
638 1906 910 1959 Caelestes
937 1906 1190 1959 condere
1216 1922 1475 1967 normas,
1502 1907 1732 1970 partim,
1764 1912 1825 1957 ut
1851 1921 2099 1966 moram,
2128 1922 2309 1971 quam
2335 1924 2443 1960 nos

240 1979 302 2029 in
328 1976 673 2043 evulgandis
701 1980 789 2043 iJ'S‚
820 1994 957 2043 quae
983 1981 1137 2031 circa
1162 1977 1554 2030 Astronomiae
1581 1976 1997 2029 restitutionem
2028 1977 2242 2042 absque
2271 1981 2443 2032 inter-

240 2049 496 2100 missione
525 2048 821 2110 molimur,
851 2049 893 2101 fi
920 2049 1068 2102 forte
1098 2051 1169 2115 ijs
1198 2049 1439 2102 taediosa
1468 2048 1558 2109 est,
1593 2063 1664 2100 eo
1694 2048 2006 2110 lubentius,
2037 2049 2089 2101 8(
2118 2053 2443 2114 promptius

241 2119 573 2172 excusatam
598 2119 879 2173 habeant:
906 2121 1099 2186 thue
1119 2120 1289 2173 fimul
1309 2119 1698 2186 Epistolarum
1717 2119 2259 2172 Astronomicarum
2279 2121 2442 2173 volu-

147 2207 192 2242 2⁵
239 2193 403 2251 mini,
425 2191 584 2256 quod
604 2207 764 2244 nunc
784 2191 1002 2258 publici
1022 2193 1172 2245 Iuris
1192 2191 1385 2244 facere
1406 2192 1653 2251 decrevi,
1674 2189 1787 2243 hac
1807 2194 2259 2256 praemonitione
2281 2208 2443 2245 occa-

239 2261 427 2315 fiones
457 2262 814 2327 praestruam,
849 2270 1026 2329 atque
1058 2266 1340 2329 aperiam.
1378 2263 1605 2315 Accidit
1638 2264 1797 2314 enim
1831 2262 1915 2326 (ut
1948 2278 2019 2315 eo
2052 2263 2293 2315 demum
2325 2279 2443 2329 quo

239 2333 403 2386 volui
421 2334 806 2399 perveniam‚)
828 2336 1004 2400 quod,
1026 2335 1170 2388 dum
1190 2340 1272 2387 tot
1292 2337 1413 2388 iam
1433 2333 1764 2387 labentibus
1784 2334 1977 2385 Annis
1998 2334 2265 2387 Caelestia
2284 2336 2442 2388 inde-

239 2404 370 2458 fesso
390 2405 574 2458 studio
594 2405 893 2468 scrutarer,
914 2407 1101 2468 multi,
1124 2406 1176 2459 8(
1195 2408 1397 2472 magni
1416 2406 1558 2466 Viri,
1580 2405 1923 2458 Eruditione
1943 2408 2006 2457 in
2026 2405 2444 2471 Philosophicis

241 2475 293 2528 8(
309 2476 748 2530 Mathematicis
767 2478 1102 2543 praesertim,
1125 2478 1476 2531 excellentes
1497 2477 1549 2530 8(
1571 2476 1892 2537 Clarissimi,
1914 2477 2137 2529 Literas
2156 2493 2391 2530 mecum
2412 2481 2442 2530 ἐ

147 2563 193 2599 30
241 2548 474 2601 diversis
489 2549 744 2614 Europae
765 2550 1028 2615 partibus
1049 2550 1120 2603 de
1140 2557 1262 2602 tam
1282 2549 1512 2602 sublimi
1533 2550 1767 2614 negotio
1788 2555 2238 2601 commutarent:
2262 2548 2443 2613 Quas,

242 2619 338 2672 etfi
356 2635 591 2673 mecum
611 2620 845 2686 prorsus
866 2621 1209 2674 conservare
1231 2621 1339 2685 (uti
1360 2621 1462 2673 diu
1483 2623 1661 2673 etiam
1680 2617 1899 2672 factum
1920 2619 2016 2683 est)
2039 2620 2112 2672 ab
2133 2622 2299 2672 initio
2320 2623 2443 2672 ani-

239 2707 406 2744 mum
424 2691 775 2752 induxerim,
803 2699 1003 2745 tamen
1027 2693 1283 2753 tandem,
1306 2693 1671 2751 Amicorum,
1694 2690 1746 2742 8(
1766 2691 2162 2756 praestantium
2182 2694 2444 2744 virorum

240 2762 748 2816 adhortationibus
767 2764 1071 2829 persuasus
1091 2764 1234 2824 sum,
1256 2771 1320 2816 ut
1335 2779 1435 2816 eas
1448 2763 1628 2829 Typis
1644 2763 1832 2822 edere,
1855 2761 1906 2813 8(
1926 2762 2155 2827 publice
2170 2762 2444 2828 legendas

241 2833 371 2900 alijs
400 2837 840 2888 communicare
870 2851 994 2888 non
1020 2851 1349 2888 renuerem.
1381 2835 1537 2886 Ante
1568 2849 1775 2886 omnes
1804 2849 1945 2885 vero
1975 2849 2069 2885 me
2098 2849 2168 2885 eo
2195 2834 2442 2898 perdux-

147 2919 192 2955 35
241 2912 426 2966 erunt,
459 2905 856 2959 Nobilissimus
888 2907 940 2959 8(
972 2907 1369 2973 Amplissimus
1400 2908 1505 2966 vir,
1539 2904 1942 2957 HENRICVS
1975 2904 2442 2965 RANZOVIVS‚

240 2976 538 3030 Dominus
559 2978 630 3030 de
651 2978 1077 3045 Bredenberga‚
1105 2978 1206 3031 &c.
1235 2978 1581 3031 Serenissimi
1603 2977 1771 3041 Regis
1797 2975 1971 3028 nostri
1994 2979 2057 3028 in
2080 2975 2363 3037 Holsatia‚
2392 2975 2444 3028 8(

99 3054 222 3112 (’)3ν
241 3046 531 3101 adiunctis
556 3048 895 3103 Ditionibus
919 3050 1189 3103 Vicarius
1216 3048 1595 3114 Magnificus:
1623 3055 1749 3100 tum
1776 3063 2014 3112 quoque
2041 3042 2061 3115 ΙΙ
2089 3046 2444 3099 Clarissimus

239 3119 356 3181 ille,
378 3120 431 3172 8(
450 3122 601 3172 inter
621 3120 960 3174 Germanos
980 3125 1180 3187 magni
1200 3123 1459 3173 nominis
1480 3120 1583 3171 Vir
1610 3119 1683 3171 D.
1708 3118 2011 3171 CASPAR
2032 3118 2443 3179 PEVCERVS,

240 3189 645 3257 Philosophus,
676 3191 729 3244 8(
757 3193 1030 3245 Medicus
1060 3192 1497 3251 celeberrimus;
1532 3190 1584 3242 8(
1615 3197 1901 3255 praeterea
1930 3189 2444 3242 Excellentissimus

146 3277 192 3313 4ο
238 3261 336 3314 ille
357 3262 431 3315 D.
446 3262 918 3317 THADDAEVS
939 3263 1416 3317 HAGGECIVS
1437 3262 1510 3314 ab
1531 3261 1730 3314 Haick
1750 3261 2067 3321 BohemuS,
2090 3263 2191 3325 qui
2212 3264 2295 3313 uti
2315 3261 2442 3312 Me-

240 3333 467 3394 dicinae,
483 3349 665 3398 quam
680 3342 924 3396 exercet,
939 3335 1012 3386 fic
1027 3338 1205 3387 etiam
1219 3333 1629 3398 Philosophiae,
1645 3333 1697 3384 8(
1711 3332 2028 3397 praesertim
2042 3347 2236 3384 rerum
2253 3331 2442 3383 Astro-

240 3406 611 3457 nomicarum
631 3406 706 3458 est
725 3407 1110 3471 peritissimus;
1132 3406 1411 3471 quodque
1431 3406 1548 3470 maj
1556 3407 1674 3456 oris
1692 3404 1928 3464 aestim0,
1943 3404 2200 3463 Virtutis,
2217 3402 2268 3454 8(
2282 3402 2442 3454 Veri·

2311 3475 2442 3525 tatis
