2748 4204
414 327 482 377 90
760 323 1362 375 EPISTOLARUM
1387 322 2217 374 ASTRONOMICARUM

412 464 645 522 viderat,
671 463 800 514 satis
827 467 1212 524 competenter
1231 461 1589 512 Illustrissimo
1608 462 1855 523 Principi
1881 461 2171 511 ordinasse.
2200 460 2559 511 Diuifionem

412 533 660 595 quidem,
689 547 804 595 qua
829 546 936 581 nos
962 534 1022 580 in
1048 531 1317 581 omnibus
1342 531 1460 581 fere
1487 531 1875 581 Instrumentis
1900 529 2150 580 similiter
2174 532 2403 588 vtimur,
2429 530 2559 581 satis

411 600 558 652 redte
587 601 845 651 indicasse
875 602 1182 663 comperio,
1213 599 1264 650 81
1295 602 1356 650 in
1383 600 1850 663 pinnacidiorum
1879 599 2102 649 rimulis
2129 614 2234 662 pro
2265 597 2560 651 nocturnis

411 670 715 721 Stellarum
743 668 1251 720 obseruationibus
1278 672 1538 732 apprime
1564 671 1862 732 oportunis
1893 668 2071 731 (quod
2095 670 2401 719 inuentum
2427 683 2560 719 cum

409 743 660 802 primum
678 738 774 788 ille
794 738 888 789 hic
902 739 1126 796 vidisset,
1147 737 1201 788 se
1215 753 1336 788 non
1349 738 1549 789 frustra
1563 741 1624 788 in
1639 738 1896 789 Daniam
1909 738 2113 788 venisse
2127 738 2331 797 aiebat,
2351 738 2558 789 multo-

409 824 520 871 que
541 823 685 859 auro
705 807 1060 871 praestantius
1081 807 1416 870 aestimabat)
1435 808 1723 870 quaedam,
1750 807 1880 858 licet
1902 805 2246 870 imperfecte,
2271 810 2559 858 imitatum

409 879 524 928 esse.
556 878 715 928 Dum
745 880 900 927 enim
929 877 1338 939 compendium
1367 880 1427 927 in
1455 876 1546 927 his
1573 877 1883 939 quaerebat,
1911 876 1962 927 &
1986 892 2088 940 per
2111 877 2278 928 binas
2303 876 2558 937 rimulaS,

409 948 560 998 idem
593 948 747 1010 quod
778 962 886 997 nos
918 949 1210 1009 quaternis
1248 945 1473 997 efficere
1510 946 1905 1009 praesumebat‚
1943 948 2196 997 veritatis
2227 947 2559 1010 quaerendae

408 1016 766 1080 dispendium
790 1015 934 1075 fecit,
961 1015 1269 1079 nostrisque
1295 1018 1548 1066 inuentis
1574 1014 1947 1075 detrahendO,
1973 1015 2175 1080 fibijpfi
2201 1015 2252 1066 &
2278 1015 2558 1068 Obserua-

406 1089 630 1137 tionum
651 1082 1018 1152 certi-sstudini
1039 1086 1351 1149 derogauit.
1376 1085 1563 1136 Refert
1583 1086 1822 1148 quidam
1841 1100 2123 1145 meorum,
2145 1088 2245 1149 qui
2263 1092 2399 1137 tunc
2418 1092 2556 1136 tem-

406 1159 577 1219 poris,
599 1171 731 1206 cum
750 1155 844 1206 hic
866 1156 1003 1214 esset,
1026 1155 1098 1206 ab
1119 1170 1189 1205 eo
1210 1155 1512 1215 audiuerit‚
1536 1155 1736 1218 ipsum,
1758 1155 1994 1218 quando
2014 1155 2336 1206 nostrorum
2355 1154 2556 1206 Instru-

405 1232 734 1276 mentorum
764 1224 1041 1276 fabricam
1071 1227 1396 1275 imitaturus
1429 1225 1568 1284 esset,
1607 1225 1810 1284 dixisse‚
1848 1224 1903 1275 se
1934 1225 2303 1287 paucioribus
2334 1224 2556 1275 rimulis

406 1295 559 1345 idem
586 1292 936 1353 effecturum,
963 1294 1189 1357 hocque
1216 1295 1626 1357 compendium
1651 1294 1749 1345 fibi
1774 1294 1875 1357 ipfi
1894 1294 2333 1346 reseruaturum.
2361 1294 2557 1356 Quam

405 1380 542 1415 vero
564 1367 782 1428 egregie
801 1364 858 1414 id
878 1363 1205 1427 praestiterit‚
1225 1379 1330 1414 vos
1349 1379 1469 1414 non
1488 1363 1604 1415 fine
1624 1364 1940 1415 multarum
1955 1364 2440 1415 Obseruationum
2454 1363 2555 1415 dis-

402 1434 613 1497 pendio
640 1437 856 1497 experti
883 1433 1020 1484 estiS.
1049 1434 1167 1497 Ego
1187 1433 1416 1496 vbique,
1440 1433 1752 1497 praesertim
1771 1436 1833 1484 in
1853 1433 2304 1496 Quadrantibus,
2331 1440 2555 1497 quater-

402 1518 507 1555 nas
532 1506 593 1554 in
618 1503 983 1554 inferioribus
1009 1503 1370 1567 pinnacidijS‚
1397 1519 1531 1554 cum
1555 1503 1862 1566 superioris
1880 1503 2192 1568 pinnacidij
2214 1504 2263 1555 4.
2285 1503 2557 1555 lateribus

400 1573 653 1636 vndique
678 1573 985 1636 parallelas
1012 1572 1262 1623 adhibeo
1288 1573 1544 1632 rimulas,
1572 1589 1718 1636 quas
1743 1571 2027 1625 auctiores
2048 1573 2099 1624 81
2118 1573 2367 1624 laxiores
2387 1576 2555 1624 inter-

401 1643 540 1693 dum
566 1642 770 1702 efficio,
796 1649 965 1706 prout
992 1642 1300 1694 Stellarum
1322 1643 1660 1707 magnitudo
1681 1642 1968 1707 efflagitat.
1994 1643 2160 1695 Alias
2181 1646 2337 1694 enim
2355 1658 2458 1706 per
2475 1643 2556 1694 bi-

400 1728 505 1763 nas
531 1712 770 1763 rimulas
795 1712 1095 1763 lateralem
1121 1712 1171 1763 &
1196 1712 1455 1776 superius
1480 1713 1657 1772 fitam,
1684 1712 1993 1764 Stellarum
2014 1712 2278 1764 tranfitus
2299 1712 2350 1763 &
2370 1712 2555 1764 altitu-

400 1782 561 1832 dines
582 1782 904 1833 centraliter
925 1781 1236 1845 exacteque
1256 1797 1633 1846 nequaquam
1652 1782 2062 1843 discernuntur,
2084 1782 2240 1846 quod
2257 1782 2376 1845 ipsa
2389 1781 2555 1833 facile

399 1852 635 1902 ostendit
655 1852 1037 1915 Experientia.
1066 1853 1134 1903 Et
1159 1852 1263 1903 nifi
1281 1868 1386 1903 vos
1412 1852 1522 1904 hac
1546 1850 1745 1911 edocti,
1772 1852 2062 1916 duplicem
2081 1852 2354 1903 rimulam
2373 1851 2554 1903 visua-

398 1921 514 1972 lem
544 1922 834 1972 viceuersa
864 1922 1122 1973 inferiori
1152 1923 1485 1986 pinnacidio
1517 1922 1902 1986 applicassetiS‚
1936 1925 2256 1974 etiamnum
2283 1924 2345 1972 in
2373 1921 2554 1972 obser-

398 1992 606 2042 uandis
621 1992 953 2043 adamussim
967 1991 1255 2052 fideribuS,
1276 1992 1476 2044 frustra
1488 1993 1841 2044 laboraretis,
1863 1992 2178 2043 Diuifionis
2192 1998 2388 2043 autem
2401 1991 2555 2042 illius

398 2076 499 2124 per
517 2060 729 2125 punc'ta
747 2061 1145 2113 transuersalia
1164 2065 1581 2123 inuentionem‚
1605 2062 1806 2126 (quam
1824 2068 1942 2113 tute
1963 2062 2352 2125 cuiuscunque
2371 2061 2450 2120 fit,
2470 2064 2553 2111 in-

397 2131 688 2194 geniosam
718 2131 1020 2194 praedicas)
1052 2134 1306 2195 primum
1334 2132 1536 2196 Lipfiae
1566 2132 1639 2183 ab
1668 2132 1948 2183 Homelio
1977 2131 2172 2191 habui,
2205 2137 2338 2183 ante
2367 2146 2555 2182 annos

397 2201 526 2263 plus
552 2203 746 2252 minus
770 2202 854 2252 24.
882 2217 1014 2252 cum
1041 2217 1264 2253 annum
1290 2205 1475 2254 aetatis
1499 2217 1730 2266 agerem
1755 2203 1827 2254 17.
1853 2217 2058 2253 verum
2085 2201 2282 2253 saltem
2310 2203 2372 2251 in
2399 2200 2555 2251 linea

397 2269 564 2330 recta,
591 2277 782 2334 vtpote
809 2274 870 2321 in
890 2272 1072 2322 Radio
1091 2271 1492 2323 Astronomico
1517 2272 1779 2335 pluribus
1803 2271 2097 2335 particulis
2116 2270 2446 2330 diuidend0‚
2472 2273 2553 2334 ip—

396 2339 507 2391 fius
526 2342 846 2392 imitatione
868 2357 938 2392 ea
956 2348 1092 2393 tunc
1111 2342 1324 2393 vtebar.
1351 2343 1428 2393 At
1448 2357 1582 2393 cum
1607 2342 1798 2406 postea
1820 2357 1922 2406 per
1942 2341 2326 2405 QuadranteS,
2346 2340 2552 2391 Altitu-

398 2410 560 2461 dines
593 2413 766 2462 etiam
799 2411 1064 2462 Siderum
1094 2412 1431 2475 perscrutari
1462 2414 1792 2475 inciperem,
1826 2411 1877 2463 &
1907 2414 1969 2462 in
1999 2411 2320 2462 minoribus
2352 2410 2553 2461 Instru-

394 2483 602 2531 mentis
621 2481 920 2544 vulgarem
946 2481 1286 2533 diuisionem
1310 2484 1567 2533 minimis
1592 2481 1973 2545 portiunculis
1998 2497 2119 2533 non
2143 2480 2400 2532 sufficere
2424 2479 2554 2531 satis

396 2553 700 2613 experirer,
727 2551 801 2602 ad
828 2551 1210 2603 Nonnianam
1235 2551 1413 2612 illam,
1441 2567 1620 2616 quam
1640 2551 2028 2615 Propofitione
2053 2554 2219 2602 tertia
2244 2550 2314 2601 de
2336 2550 2554 2613 Crepu-

2599 1094 2656 1136 62

2608 1451 2648 1484 15

2604 1798 2649 1832 20

2603 2147 2648 2180 25

2601 2344 2629 2386 ÷

2602 2495 2648 2530 30

394 2619 559 2670 sculis
585 2621 769 2680 tradit,
797 2621 1162 2672 subtilitatem
1186 2637 1281 2673 me
1302 2624 1577 2682 conuerti,
1605 2622 1969 2685 eandemque
1992 2621 2183 2672 adhuc
2207 2618 2554 2672 exactiorem
2602 2623 2630 2665 ·¹·

395 2689 655 2751 pluribus
682 2690 1159 2742 subdiuifionibus
1189 2692 1425 2752 reddidi,
1454 2692 1770 2756 supputatis
1800 2694 1975 2743 etiam
2000 2690 2254 2751 Tabulis,
2285 2706 2316 2741 e
2346 2689 2554 2753 quibus

396 2759 697 2811 cuiuslibet
724 2759 919 2824 puncti
946 2761 1188 2812 altitudo
1217 2762 1540 2825 scrupulose
1565 2761 1681 2812 fine
1706 2763 1874 2812 mora
1900 2761 2345 2825 cognosceretur.
2377 2758 2554 2810 Cum-

397 2844 508 2891 que
528 2844 619 2880 res
638 2830 757 2893 ipsa
776 2831 1019 2890 doceret,
1046 2846 1120 2882 ne
1143 2830 1255 2883 hoc
1276 2831 1511 2895 quidem
1530 2834 1837 2883 inuentum
1857 2831 2243 2882 Nonnianum
2262 2829 2320 2881 id
2339 2828 2553 2880 habere

395 2901 456 2949 in
482 2900 703 2958 recessu,
735 2901 891 2963 quod
916 2903 978 2951 in
1003 2902 1215 2952 accessu
1240 2901 1634 2965 pollicebatur,
1663 2904 1806 2965 caepi
1832 2903 2097 2965 cogitare,
2124 2916 2202 2952 an
2228 2898 2429 2951 diuifio
2454 2897 2554 2949 illa

396 2967 681 3030 praedicta,
711 2985 827 3032 qua
851 2970 1008 3021 linea
1033 2969 1186 3022 recta
1210 2971 1550 3022 subtilissime
1580 2986 1683 3035 per
1707 2969 1922 3035 puncta
1945 2969 2344 3021 transuersalia
2365 2971 2427 3019 in
2449 2971 2553 3018 mi-

396 3053 566 3088 nores
592 3038 811 3090 secatur
835 3040 1161 3103 particulaS,
1192 3043 1366 3092 etiam
1396 3044 1588 3092 curuis
1609 3041 1661 3092 81
1681 3039 2054 3092 circularibus
2080 3039 2357 3104 applicari
2382 3038 2552 3102 possit.

397 3107 464 3157 Et
491 3111 756 3170 quamvis
782 3109 854 3160 ab
881 3111 1044 3159 initio
1071 3125 1192 3160 non
1217 3126 1322 3173 par
1347 3111 1648 3162 videbatur
1674 3113 1838 3167 ratio,
1866 3110 1939 3161 ob
1966 3108 2251 3162 rectarum
2275 3108 2326 3159 &
2349 3123 2552 3159 curua-

395 3192 526 3227 rum
546 3177 1112 3238 disconuenientiam‚
1132 3186 1329 3231 tamen
1349 3196 1482 3231 cum
1501 3183 1563 3231 in
1581 3187 1701 3232 tam
1720 3195 1906 3244 paruo
1926 3178 2250 3238 interuallo,
2270 3185 2329 3230 vt
2350 3179 2552 3241 quino-

395 3262 527 3297 rum
545 3247 637 3298 vel
663 3248 949 3299 denorum
973 3248 1371 3311 scrupulorum
1396 3250 1568 3301 lineae
1596 3265 1792 3301 curuae
1818 3265 2004 3313 paruo
2027 3248 2318 3300 interstitio
2339 3263 2375 3299 a
2393 3246 2447 3298 se
2467 3249 2551 3297 in-

395 3319 585 3367 uicem
600 3316 800 3377 duc'tae,
822 3333 942 3368 non
956 3317 1222 3369 differant
1235 3319 1561 3371 sensibiliter
1575 3335 1611 3371 a
1624 3318 1805 3379 rectiS,
1821 3322 2117 3383 negotium
2131 3318 2242 3370 hoc
2255 3318 2385 3370 satis
2399 3331 2551 3437 conil-

2379 3401 2477 3437 mo
2520 3401 2550 3437 e

2602 2845 2647 2879 35

2601 3193 2646 3226 40
