2748 4204
402 303 480 354 112
749 292 1350 350 EPISTOLARUM
1377 294 2206 348 ASTRONOMICARUM

401 439 676 504 punctum
701 438 799 489 fibi
824 436 1203 488 nihilominus
1229 438 1290 486 in
1316 450 1386 486 ea
1405 435 1763 486 diuersorum
1782 434 2233 498 Diaphanorum
2251 434 2549 487 successiua

402 510 824 561 combinatione
846 506 896 556 &
916 505 1307 556 assimilatione
1328 504 1551 568 eligere,
1577 507 1639 554 in
1665 519 1782 567 quo
1802 503 2222 567 refrangantur:
2249 505 2422 568 idque
2450 520 2548 556 ne-

402 580 625 629 cessario
645 577 863 638 semper
877 574 1123 625 eandem
1136 589 1172 624 a
1186 579 1381 624 centro
1393 572 1589 624 Terrae
1610 573 1930 624 distantiam
1950 574 2227 633 retinebit,
2247 580 2550 637 propterea

402 647 556 711 quod
593 646 890 696 successiua
925 643 1026 693 illa
1062 642 1420 694 diuersorum
1463 641 1914 705 Diaphanorum
1951 643 2301 694 combinatio
2338 644 2549 707 vbique

401 717 700 779 aequaliter
720 730 756 765 a
773 713 953 764 Terra
978 712 1130 763 abfit.
1157 712 1412 762 Assumto
1438 714 1634 774 itaque
1659 710 1771 762 hoc
1793 709 2167 763 Refrac'tionis
2191 711 2405 776 puncto
2430 713 2548 764 vbi·

401 801 512 848 que
539 784 838 847 aequaliter
857 798 893 833 a
911 781 1090 832 Terra
1115 781 1366 840 distante,
1392 781 1523 832 vide
1543 795 1687 831 num
1705 780 2155 845 Triangulorum
2175 785 2427 833 rationes
2447 782 2549 833 Re-

399 853 735 906 fradlionem
759 852 920 903 illam
945 854 1007 901 in
1031 850 1350 902 Altitudine
1376 850 1459 901 50.
1487 856 1587 901 aut
1612 850 1695 901 60.
1724 850 2034 902 Graduum
2059 851 2399 903 euanescere
2426 866 2550 915 per-

400 927 639 975 mittant.
661 922 835 973 Vides
857 924 1025 985 igitur
1045 918 1471 971 Refraclionum
1497 919 1960 971 euanescentiam
1985 920 2209 973 diuersa
2226 920 2480 972 AEtheris
2501 920 2551 972 81

400 996 568 1044 A'eris
588 991 903 1054 Diaphana
929 989 1243 1041 concedere
1268 988 1432 1040 nullo
1458 989 1636 1041 modo
1660 990 1823 1052 posse.
1851 989 2002 1052 Quae
2028 993 2222 1054 itaque
2247 1005 2380 1042 mea
2399 990 2462 1041 fit
2481 991 2550 1042 de

402 1061 852 1114 Refradtionibus
883 1060 974 1110 his
1004 1059 1297 1118 sententia,
1330 1061 1611 1122 quoniam
1641 1059 1876 1111 fortassis
1903 1062 1966 1111 in
1994 1059 2240 1112 Cometa
2269 1076 2391 1112 non
2421 1060 2550 1111 satis

402 1132 678 1195 explicate
704 1146 740 1181 a
764 1146 857 1181 me
882 1128 1169 1193 propofita
1193 1128 1282 1188 est,
1310 1128 1648 1192 explicatius
1673 1131 1792 1180 iam
1815 1129 1917 1180 tibi
1941 1132 2217 1193 aperiam.
2245 1130 2398 1181 Inter
2415 1129 2550 1181 Ter-

401 1217 541 1261 ram,
561 1208 621 1251 vt
640 1200 758 1259 sciS,
780 1199 830 1250 &
850 1202 996 1259 inter
1010 1198 1312 1262 Sphaeram
1327 1197 1635 1250 Stellarum
1649 1199 1923 1250 Fixarum
1939 1198 2086 1250 nihil
2099 1199 2258 1251 aliud
2272 1202 2551 1251 contineri

400 1272 579 1323 statuo
592 1285 768 1333 quam
779 1270 992 1320 Aerem
1003 1268 1216 1332 septem
1227 1268 1493 1319 Errantia
1502 1267 1685 1319 fidera
1697 1268 2064 1330 ambientem,
2078 1276 2383 1334 propterea
2395 1269 2551 1333 quod

401 1338 787 1392 Refrac'tiones
806 1353 927 1389 non
947 1339 1154 1389 durent
1171 1337 1346 1401 vsque
1366 1337 1441 1388 ad
1459 1340 1748 1398 verticem,
1768 1338 1862 1389 sed
1874 1341 1988 1398 vix,
2007 1345 2067 1390 vt
2085 1346 2148 1390 tu
2160 1341 2264 1399 viS,
2283 1338 2458 1402 vsque
2477 1339 2551 1390 ad

398 1410 481 1461 30.
499 1410 747 1461 Gradus,
770 1408 947 1459 Hunc
961 1408 1176 1458 Aerem
1190 1407 1398 1458 deinde
1412 1407 1641 1459 Natura
1653 1408 1772 1472 ipsa
1791 1423 1885 1459 me
1905 1408 1977 1459 fic
1997 1409 2252 1468 docente,
2274 1408 2551 1472 distinguo

398 1484 458 1530 in
479 1480 810 1538 crassiorem,
839 1477 889 1528 ἃ
916 1476 1382 1528 exhalationibus
1406 1480 1647 1528 terrenis
1671 1477 2007 1538 obnoxium,
2035 1479 2086 1530 &
2111 1481 2173 1530 in
2197 1493 2426 1542 purum,
2453 1480 2553 1541 qui

400 1548 862 1600 exhalationibus
881 1547 992 1597 istis
1010 1562 1133 1598 non
1152 1546 1458 1598 inficiatur.
1479 1547 1786 1611 Huiusque
1805 1562 1955 1599 meae
1969 1547 2335 1600 distinctionis
2349 1547 2552 1600 funda-

398 1625 660 1669 mentum
679 1617 805 1668 sunt
824 1616 1075 1668 fimiliter
1094 1617 1382 1680 Principia
1400 1619 1605 1680 optica.
1633 1617 1858 1669 Notum
1883 1620 2040 1669 enim
2064 1617 2165 1669 tibi
2188 1617 2262 1669 est
2282 1633 2353 1669 ex
2372 1617 2552 1669 Alha-

398 1703 561 1743 zeuo,
583 1703 654 1739 ex
667 1686 991 1747 Vitellione‚
1014 1701 1084 1737 ex
1103 1687 1270 1738 Petro
1285 1682 1306 1754 ΙΙ
1320 1686 1521 1738 Nonio
1541 1686 1612 1738 de
1631 1687 2011 1751 CrepuscuIiS,
2032 1694 2205 1752 atque
2225 1690 2399 1739 etiam
2420 1702 2552 1738 ocu-

398 1759 588 1809 lorum
612 1757 948 1816 testimonie,
977 1757 1078 1807 esse
1105 1763 1325 1808 certum
1344 1757 1514 1808 Aeris
1539 1756 1800 1820 spatium,
1828 1757 1984 1821 quod
2005 1772 2042 1808 a
2059 1758 2235 1822 radijs
2258 1756 2553 1809 Solaribus

397 1831 457 1878 in
490 1826 852 1890 Crepusculis
882 1826 1241 1878 illuminetur
1272 1826 1323 1877 &
1355 1826 1623 1886 albescat:
1657 1827 1759 1878 esse
1790 1829 1929 1878 item
1959 1826 2106 1879 vltra
2136 1827 2279 1878 illud
2310 1827 2555 1891 spatium

398 1899 628 1956 Aerem,
650 1900 749 1960 qui
768 1913 804 1948 a
823 1896 998 1960 radijs
1019 1896 1316 1948 Solaribus
1336 1912 1458 1948 non
1475 1897 1632 1960 possit
1650 1896 1969 1948 illuminari
1989 1897 2041 1949 &
2060 1897 2363 1956 albescere:
2389 1896 2555 1947 Alias

399 1970 555 2018 enim
588 1968 752 2018 essent
783 1973 1061 2030 perpetua
1093 1966 1460 2030 Crepuscula.
1494 1966 1723 2018 Necesse
1755 1969 1925 2031 igitur
1956 1966 2045 2027 est,
2077 1974 2137 2019 vt
2162 1967 2282 2018 Aer
2309 1966 2423 2026 ille,
2455 1968 2555 2030 qui

400 2040 574 2088 etiam
599 2037 936 2088 serenissimo
964 2036 1129 2088 Caelo
1155 2038 1217 2087 in
1243 2036 1609 2101 Crepusculis
1634 2036 1878 2097 albescit,
1907 2037 1970 2088 fit
1994 2052 2031 2088 a
2054 2039 2295 2088 terrenis
2321 2035 2554 2088 exhala-

398 2107 650 2158 tionibus
678 2104 920 2157 infeclus
949 2106 1001 2157 &
1029 2107 1252 2158 crassior
1279 2107 1556 2166 redditus;
1589 2106 1735 2158 alids
1766 2109 1923 2158 enim
1954 2106 2097 2171 radij
2130 2106 2359 2159 Solares
2389 2105 2556 2157 illum

398 2177 727 2228 illuminare
742 2191 863 2227 non
876 2177 1109 2240 possent;
1130 2175 1226 2228 ille
1240 2191 1396 2237 vero,
1418 2179 1519 2240 qui
1532 2191 1655 2228 non
1668 2176 1910 2236 albescit,
1931 2176 1993 2228 fit
2009 2192 2189 2241 purus
2204 2176 2255 2228 &
2269 2192 2305 2228 a
2317 2177 2557 2228 terrenis

398 2246 709 2310 vaporibus
737 2261 859 2297 non
887 2244 1150 2298 inseclus:
1182 2246 1541 2311 Quanquam
1568 2262 1691 2298 non
1718 2261 2028 2311 negauero,
2059 2249 2234 2298 etiam
2257 2249 2320 2297 in
2343 2260 2557 2310 purum

398 2316 563 2367 illum
582 2317 797 2367 Aerem
824 2316 1239 2377 exhalationeS,
1265 2316 1578 2381 praesertim
1602 2319 1865 2381 puriores
1890 2317 2036 2380 posse
2059 2317 2348 2368 interdum
2367 2315 2556 2368 ascen-

399 2387 549 2437 dere.
583 2387 707 2437 Nec
738 2393 935 2437 tamen
965 2386 1122 2437 hunc
1150 2387 1366 2438 Aerem
1395 2387 1632 2438 crassum
1659 2402 1763 2450 per
1789 2385 1843 2438 se
1874 2384 2296 2438 Refraaeitionem
2324 2385 2557 2437 causare

398 2457 544 2520 posse
563 2459 820 2515 inueni0,
840 2456 934 2508 sed
949 2457 1022 2508 ob
1036 2456 1592 2521 multiplicationem.
1615 2456 1973 2520 Quanquam
1988 2459 2146 2508 enim
2159 2456 2403 2520 spatium
2415 2454 2558 2506 illud

397 2528 565 2577 Aeris
586 2527 857 2578 crassioris
873 2525 991 2577 fere
1006 2526 1512 2578 Semidiametrum
1525 2526 1721 2578 Terrae
1736 2542 1772 2578 a
1784 2525 2081 2591 superficie
2094 2525 2290 2577 Terrae
2304 2527 2557 2589 attingat,

398 2604 455 2647 vt
477 2611 548 2646 ex
568 2594 728 2647 dictis
750 2596 967 2660 Opticis
987 2597 1057 2648 de
1079 2596 1443 2660 Crepusculis
1462 2596 1828 2648 manifestum
1847 2596 1942 2648 est:
1964 2596 2175 2648 Radios
2193 2603 2391 2647 tamen
2411 2594 2560 2646 Solis

400 2672 499 2716 aut
519 2666 827 2717 Stellarum
846 2669 1077 2718 vincere
1103 2667 1397 2718 crassitiem
1422 2666 1592 2726 hanc,
1618 2681 1725 2718 nec
1745 2667 1818 2718 ob
1842 2666 2199 2718 identitatem
2219 2665 2559 2730 Diaphano-

400 2751 529 2786 rum
549 2739 611 2786 in
631 2751 701 2787 ea
720 2733 999 2799 punctum
1020 2734 1396 2788 Refrac'tionis
1415 2739 1681 2788 inuenire
1700 2737 1848 2800 posse
1874 2736 2301 2795 animaduerto;
2327 2741 2386 2787 at
2412 2737 2572 2786 circa'

401 2806 786 2857 Horizontem
813 2805 864 2856 &
889 2809 950 2857 in
979 2806 1083 2858 fitu
1112 2806 1412 2858 decliuiori
1441 2807 1515 2858 ob
1543 2806 1996 2871 duplicationem
2024 2805 2179 2857 illius
2207 2805 2365 2869 spatij
2396 2805 2559 2868 posse.

400 2876 766 2926 Assumamus
793 2878 950 2926 enim
975 2876 1231 2928 melioris
1257 2876 1756 2928 demonstrationis
1777 2878 1975 2940 gratia,
2002 2875 2360 2940 superficiem
2381 2881 2560 2925 extre-

401 2960 560 2996 mam
587 2946 757 2996 A'eris
786 2946 1056 2997 crassioris
1085 2946 1285 2998 distare
1314 2962 1351 2999 a
1379 2946 1675 3010 superficie
1702 2945 1899 2997 Terrae
1928 2961 2030 3010 per
2058 2945 2562 2997 Semidiametrum

400 3014 617 3065 Terrae:
648 3016 994 3079 denotetque
1024 3015 1383 3079 superficiem
1410 3016 1607 3068 Terrae
1635 3015 2024 3067 semicirculus
2053 3015 2224 3067 BCD
2253 3013 2562 3066 interuallo

402 3085 512 3135 AB
551 3084 876 3148 descriptus,
917 3084 967 3135 &
1003 3086 1313 3137 interuallo
1351 3086 1530 3150 duplo
1568 3085 1914 3138 describatur
1949 3084 2275 3149 superficies
2307 3090 2564 3135 extrema

403 3154 674 3204 crassioris
693 3155 863 3205 Aeris
884 3154 1063 3206 EFG.
1086 3148 1452 3208 Describatur
1472 3159 1648 3208 etiam
1668 3162 1958 3207 extremus
1979 3154 2247 3207 Circulus
2267 3170 2339 3206 ex
2358 3154 2564 3205 eodem

405 3230 617 3282 centr0,
643 3226 704 3274 in
732 3239 848 3287 quo
875 3223 1090 3275 feratur
1117 3225 1292 3277 Stella
1317 3225 1530 3290 aliqua,
1559 3228 1659 3290 qui
1684 3225 1746 3276 fit
1772 3225 1937 3285 HIL,
1967 3231 2128 3277 tanto
2155 3223 2479 3283 interua110,
2506 3229 2565 3274 vt

403 3293 627 3344 nullam
647 3293 765 3344 fere
785 3293 1100 3345 sensibilem
1119 3298 1553 3358 proportionem
1573 3295 1784 3347 habeat
1804 3295 1878 3347 ad
1897 3294 2022 3346 AC.
2044 3295 2371 3346 Assumatur
2389 3295 2565 3415 ξξίεἰῖη

2452 3377 2482 3413 e
2529 3377 2565 3414 a

2603 1075 2644 1110 10

2604 1424 2644 1458 15

2595 1695 2652 1737 84

2602 1773 2647 1807 20

2603 2122 2649 2156 25

2606 2471 2652 2572 *8

2609 2821 2654 2855 35
