2730 4212
784 345 1478 399 ANNOTATIONES
1505 344 1910 398 EDITORIS
2359 343 2452 395 351

244 487 621 532 refractionem
647 486 927 530 imminuta
954 486 1244 538 disseritur;
1273 497 1444 540 neque
1470 489 1653 529 tamen
1673 486 1739 529 de
1759 496 1817 527 re
1837 483 2099 539 ejusmodi
2120 483 2223 538 agit
2243 482 2451 534 Vitello‚

245 571 366 614 quae
386 558 471 602 hic
491 561 752 602 tractatur
772 560 931 612 atque
945 558 1063 613 jure
1084 557 1420 612 Landgravio
1441 558 1766 600 miraculosa
1786 556 2009 599 videtur.

316 631 384 673 ad
404 643 454 685 p.
476 629 593 687 54,⁹]
621 629 789 685 Hujus
816 628 1056 683 epistulae
1083 629 1389 683 exemplum
1415 630 1650 683 primum
1676 628 1775 685 (C1)
1802 631 1961 682 atque
1983 627 2125 670 aliud
2144 627 2454 681 transscrip-

242 705 357 744 tum
371 701 470 758 (C2)
485 700 726 744 Cassellis
741 703 1096 743 asservantur.
1121 700 1440 743 Rothmanni
1458 703 1639 742 autem
1658 699 2058 748 observationes
2079 701 2309 741 cometae
2331 698 2454 741 anni

248 772 360 815 1585
388 775 572 827 postea
601 771 763 815 edidit
790 771 1010 814 Snellius
1037 770 1370 828 (Descriptio
1396 771 1630 814 cometae
1656 770 1750 824 qui
1775 780 1920 813 anno
1952 769 2065 812 1618
2091 768 2312 812 effulsit.
2344 769 2455 811 Ac-

243 842 420 886 cessit
440 842 819 897 christophori
834 841 1174 885 Rhotmanni
1192 840 1491 896 descriptio
1512 843 1745 885 cometae
1765 853 1813 884 a.
1840 840 1969 883 1585.
1995 841 2158 896 Lugd.
2176 841 2284 884 Bat.
2307 841 2452 896 1619),

243 915 383 957 unde
410 914 612 969 positus
638 915 749 970 ejus
776 914 910 958 eruit
935 913 1189 965 Savvitch;
1218 913 1322 956 vid.
1352 925 1473 968 quae
1503 914 1569 956 de
1598 913 1702 956 hoc
1730 915 1944 956 cometa
1971 916 2188 967 egerunt
2213 914 2387 956 Peters
2414 914 2455 955 8:

243 985 494 1037 Sawitch,
514 985 738 1029 Astron.
760 984 1039 1028 Nachrich
1049 985 1136 1027 ten
1157 986 1262 1028 vol.
1285 985 1466 1027 XXIX.

315 1057 384 1099 ad
403 1069 453 1112 p.
476 1056 604 1114 57‚41]
638 1057 717 1100 De
744 1061 1004 1112 tempore,
1037 1067 1142 1110 quo
1173 1056 1538 1099 Rothmannus
1569 1056 1829 1099 Cassellas
1858 1055 2065 1098 venisse
2094 1055 2316 1106 videtur,
2348 1056 2452 1098 vid.

243 1140 404 1182 supra
424 1140 473 1182 p.
495 1127 598 1171 346.

315 1200 383 1242 ad
404 1212 452 1254 p.
476 1199 605 1256 58‚19]
639 1200 698 1242 In
717 1200 884 1243 verbo
909 1199 1144 1242 »defero«
1170 1199 1359 1242 desinit
1380 1200 1456 1242 C¹.
1485 1200 1582 1242 Pro
1603 1198 1781 1242 verbis
1803 1201 2000 1249 autem,
2024 1210 2145 1251 quae
2165 1202 2457 1252 sequuntur

242 1282 410 1325 usque
438 1271 507 1313 ad
532 1270 696 1314 finem
722 1271 977 1325 epistulae,
1006 1271 1125 1314 haec
1154 1271 1360 1325 praebet
1380 1271 1462 1314 C2:
1495 1270 1781 1313 »Mittimus
1807 1269 1900 1313 tibi
1926 1282 2032 1312 una
2061 1269 2455 1313 obseruationes

244 1342 378 1386 Solis
406 1342 715 1386 illustrissimi
742 1342 1006 1396 Principis,
1041 1342 1168 1385 item
1203 1342 1599 1386 obseruationes
1631 1353 1791 1385 nouae
1821 1341 1889 1384 ad
1920 1341 2245 1395 Cassiopeam
2280 1341 2453 1393 stellae,

245 1417 404 1468 atque
430 1413 591 1456 etiarn
617 1414 820 1458 nostras
845 1414 1078 1456 fixarum
1105 1414 1372 1457 stellarum
1399 1414 1812 1465 obseruationes,
1841 1413 2031 1467 quibus
2059 1424 2156 1466 pro
2187 1416 2280 1455 tuo
2310 1413 2456 1456 libito

243 1485 318 1527 uti
337 1485 549 1539 poteris.
579 1485 955 1540 Longitudines
976 1489 1027 1528 et
1046 1485 1347 1529 latitudines
1369 1486 1624 1529 desumtae
1646 1486 1760 1528 sunt
1780 1497 1846 1528 ex
1867 1484 2038 1527 Globo
2061 1495 2278 1538 cupreo,
2307 1484 2456 1527 cuius

244 1557 502 1599 diameter
522 1556 592 1600 est
613 1557 842 1600 duorum
862 1568 988 1600 cum
1009 1557 1228 1600 dimidio
1249 1558 1462 1612 pedum.
1490 1557 1542 1599 Si
1561 1558 1751 1611 placet,
1774 1556 1971 1611 poteris
1993 1568 2087 1598 eas
2107 1557 2314 1599 calculo
2337 1567 2457 1599 con·

244 1627 465 1671 stituere.
495 1628 598 1671 Sed
622 1628 761 1672 forte
786 1630 920 1683 plus,
949 1641 1111 1683 quam
1140 1629 1215 1671 sat
1241 1633 1370 1672 erat.
1396 1629 1529 1672 Vale
1554 1629 1748 1682 itaque,
1776 1627 2200 1671 excellentissime
2227 1628 2456 1670 Domine

242 1698 442 1753 Tycho,
482 1703 535 1743 et
571 1700 962 1754 responfionem
1000 1713 1066 1743 ne
1105 1701 1406 1744 intermitte.
1448 1701 1673 1744 Cassellis
1713 1700 1842 1743 Idib.
1877 1700 2037 1754 April.
2072 1700 2225 1742 Anno
2265 1699 2458 1742 Salutis

246 1770 658 1814 MDLXXXVI.«

315 1843 384 1885 ad
404 1854 454 1897 p.
476 1842 593 1900 59,1]
616 1842 785 1898 Hujus
806 1844 1046 1898 epistulae
1068 1844 1374 1898 exemplum
1396 1844 1629 1898 primum
1652 1843 1923 1898 Marpurgi
1944 1845 2264 1885 asservatur.

315 1913 385 1956 ad
404 1926 453 1968 p.
476 1913 549 1965 61,
564 1914 594 1971 ι]
617 1914 786 1969 Hujus
807 1915 1047 1969 epistulae
1069 1916 1375 1970 exemplum
1395 1915 1803 1970 transscriptum
1825 1915 2067 1958 Cassellis
2090 1917 2410 1957 asservatur.

316 1985 385 2027 ad
404 1997 454 2039 p.
477 1984 604 2042 61‚2⁵]
627 1985 779 2028 Ovid.
802 1986 891 2028 Ex
911 1986 1085 2029 Ponto
1106 1987 1151 2028 II
1178 1987 1281 2038 ll,21
1305 1999 1382 2041 sq.

315 2056 384 2098 ad
404 2068 453 2111 p.
476 2056 605 2114 61,41]
627 2057 685 2099 In
706 2059 954 2112 exemplo
977 2058 1327 2113 transscripto
1354 2060 1544 2102 desunt
1570 2059 1735 2102 verba
1766 2057 2085 2113 »praesertim
2109 2090 2118 2100 .
2145 2090 2154 2099 .
2180 2091 2190 2100 .
2214 2057 2459 2100 defende-

243 2127 371 2170 rim«
404 2131 456 2171 et
487 2128 646 2171 »Cum
677 2141 845 2183 nuper
867 2163 877 2173 .
903 2163 913 2173 .
939 2163 948 2173 .
972 2129 1363 2182 inflammarit«,
1394 2131 1467 2173 ita
1496 2134 1553 2174 ut
1582 2131 1752 2173 exitus
1782 2130 2022 2183 epistulae
2052 2129 2191 2172 hanc
2221 2129 2457 2172 formam

243 2199 512 2243 exhibeat:
548 2201 726 2243 »Plura
754 2201 1052 2252 scriberem,
1083 2201 1175 2243 nifi
1203 2202 1435 2256 angustia
1460 2202 1718 2257 temporis
1744 2213 1831 2244 me
1858 2200 2151 2255 impediret.
2182 2200 2279 2243 His
2305 2200 2459 2255 igitur

243 2270 378 2314 bene
399 2272 441 2314 δι
461 2271 682 2315 feliciter
700 2273 846 2315 vale«
871 2273 960 2316 διο.
984 2272 1118 2323 Quae
1141 2273 1277 2316 adeo
1297 2273 1431 2316 bene
1447 2274 1736 2325 cohaerent,
1759 2276 1816 2316 ut
1830 2273 1997 2315 verba
2011 2272 2064 2314 in
2078 2273 2194 2315 solo
2209 2273 2456 2326 exemplo

240 2343 381 2397 typis
409 2354 661 2398 expresso
690 2346 902 2386 servata
930 2344 1104 2398 potius
1130 2344 1217 2387 hic
1245 2345 1425 2388 addita
1453 2357 1616 2399 quam
1643 2345 1695 2387 in
1715 2345 1803 2388 illo
1826 2345 1999 2387 deleta
2020 2356 2136 2387 esse
2158 2343 2458 2386 existiman-

244 2414 372 2456 dum
400 2415 479 2457 sit.
508 2415 610 2457 Sed
638 2415 908 2469 quaeritur,
936 2419 1053 2458 uter
1079 2416 1355 2468 addiderit,
1376 2417 1416 2458 T
1417 2416 1630 2470 ychone
1652 2429 1720 2459 an
1743 2416 2146 2459 Rothmannus¹.
2177 2415 2459 2458 Rothman-

245 2498 374 2528 num
396 2486 676 2537 addidisse,
704 2498 812 2529 non
832 2490 911 2530 est
931 2487 1043 2530 veri
1062 2487 1254 2539 simile;
1283 2489 1426 2530 nulla
1447 2488 1589 2531 enim
1610 2488 1745 2531 ratio
1768 2490 2006 2542 apparet,
2033 2498 2129 2530 cur
2148 2486 2200 2529 in
2221 2487 2459 2530 secunda

245 2556 484 2611 epistula,
519 2569 682 2611 quam
713 2558 954 2613 Tychoni
986 2559 1144 2610 dedit,
1180 2562 1468 2612 antequam
1501 2560 1665 2602 ullam
1700 2560 1768 2602 ab
1799 2559 1887 2601 illo
1917 2558 2199 2612 epistulam
2233 2558 2455 2613 accepit,

249 2628 543 2683 »impurum
572 2629 920 2673 nebulonem«
954 2630 1300 2684 appellaverit
1330 2631 1658 2685 Raymarum
1687 2631 1834 2673 illum
1864 2630 2079 2681 Ursum,
2111 2630 2260 2685 cujus
2288 2641 2457 2683 usque

245 2700 314 2742 ad
346 2700 450 2743 hoc
482 2703 693 2755 tempus
725 2704 911 2744 neuter
943 2701 1272 2744 mentionem
1305 2701 1519 2745 fecerat.
1555 2703 1622 2745 At
1654 2714 1778 2745 cum
1812 2701 1998 2756 paucis
2030 2701 2302 2744 mensibus
2335 2704 2458 2744 ante

243 2770 384 2814 hanc
405 2772 687 2826 epistulam
709 2772 1070 2827 conscriptam
1091 2773 1352 2815 Cassellas
1372 2773 1602 2816 venisset
1621 2773 1805 2824 Ursus,
1828 2785 1885 2816 re
1906 2785 2034 2816 vera
2055 2772 2171 2814 fieri
2190 2775 2379 2826 potest,
2401 2775 2459 2815 ut

246 2842 580 2886 Rothmanno
619 2843 798 2886 statim
837 2843 1175 2898 displicuerit.
1209 2843 1449 2898 Tychoni
1485 2847 1668 2887 tamen
1700 2848 1888 2899 postea
1921 2845 2123 2899 optima
2155 2843 2290 2887 ratio
2324 2846 2454 2894 erat,

245 2926 410 2968 quare
432 2914 630 2958 Ursum
652 2915 774 2958 odio
795 2918 1222 2969 persequeretur3
1253 2915 1339 2959 hic
1361 2915 1502 2958 enim
1523 2916 1574 2958 in
1595 2916 1745 2968 libro,
1776 2916 1864 2970 qui
1890 2915 2191 2959 inscribitur
2211 2914 2458 2957 »Funda-

243 2985 487 3027 mentum
517 2985 975 3029 astronomicum«
1002 2986 1357 3043 (Argentorati
1386 2986 1532 3044 1588),
1564 2998 1671 3030 non
1701 2988 1875 3031 solum
1906 2987 2166 3031 formulas
2195 2986 2311 3029 illas
2340 2998 2458 3040 pro-

243 3055 700 3110 sthaphaereticas,
718 3069 852 3111 quas
865 3057 1141 3100 invenerat
1154 3058 1342 3100 Paulus
1350 3058 1651 3101 Wittichius
1668 3071 1714 3101 a.
1730 3058 1842 3101 1580
1855 3058 1977 3115 (vid.
1989 3062 2120 3102 tom.
2135 3058 2156 3100 1
2171 3070 2256 3112 pp.
2267 3057 2456 3099 XXXII

244 3130 296 3169 et
314 3126 402 3170 288
423 3130 474 3170 et
493 3127 614 3185 290),
641 3129 786 3171 velut
812 3140 937 3171 suas
963 3128 1269 3183 publicavit,
1298 3129 1408 3181 sed,
1437 3130 1580 3183 quod
1606 3131 1775 3173 multo
1800 3129 2012 3185 gravius
2031 3132 2162 3182 erat,
2190 3128 2457 3183 Tychonis

243 3201 481 3252 systema
501 3199 685 3242 mundi
704 3199 802 3243 sibi
822 3199 1110 3242 vindicavit
1130 3203 1182 3243 et
1200 3201 1409 3254 publice
1430 3204 1618 3244 notum
1634 3201 1774 3244 fecit.
1799 3201 1955 3252 Quod
1970 3204 2152 3244 autem
2165 3200 2219 3243 in
2233 3201 2457 3254 epistula

244 3269 293 3311 d.
315 3269 388 3312 21.
411 3282 482 3313 m.
506 3270 652 3313 Febr.
677 3283 724 3313 a.
751 3270 864 3313 1589
885 3271 953 3313 ad
975 3271 1372 3314 Rothmannum
1393 3273 1517 3314 data
1539 3272 1680 3315 hunc
1702 3272 1988 3326 aliquando
2009 3273 2278 3327 impurum
2299 3271 2458 3315 nebu-

318 3366 328 3390 ¹
353 3365 430 3401 Illa
443 3366 571 3402 verba
591 3365 635 3401 in
656 3367 846 3411 exemplo
868 3377 999 3402 manu
1021 3367 1173 3411 scripto
1195 3368 1342 3403 deesse
1363 3368 1610 3409 observavit,
1631 3371 1669 3404 et
1690 3380 1784 3414 quae
1806 3368 1904 3404 inde
1925 3368 2067 3414 colligi
2088 3368 2262 3413 possint,
2284 3368 2455 3403 demon-

244 3424 385 3460 stravit
401 3425 582 3460 Ioannes
598 3426 752 3466 Raeder‚
774 3425 897 3470 cujus
919 3426 1233 3462 observationes
1255 3426 1300 3461 in
1320 3427 1588 3471 ephemeride
1605 3429 1768 3463 »Edda«
1792 3427 2094 3470 (Christianiae)
2115 3427 2455 3472 publicabuntur.
