2730 4212
998 303 1244 354 LIBER
1272 303 1595 357 PRIMUS
2298 308 2401 360 285

268 446 450 510 quue
478 448 550 497 ea
574 448 819 503 ratione,
846 451 906 496 vt
929 447 1089 508 prior
1108 460 1245 508 pars
1265 445 1494 506 VersuS,
1522 463 1735 511 nempe
1757 448 1907 500 haec:
1936 448 2265 501 VIVIMVS
2292 449 2379 500 IN
2383 479 2402 488 —

198 517 470 577 GENIO,
492 532 565 568 ex
586 516 790 568 dextra
809 515 861 566 8(
880 516 1052 567 viridi
1067 516 1312 567 Arboris
1333 524 1514 580 parte,
1536 518 1611 569 ad
1633 534 1814 582 quam
1836 520 2076 571 quenis
2097 519 2194 571 ille
2210 519 2402 572 Philo-

194 588 449 652 sophans
481 587 700 646 refidet,
733 594 1019 650 tanquam
1053 589 1115 637 in
1146 586 1357 638 scheda
1389 587 1594 653 scripta
1627 590 1975 653 dependeat:
2009 591 2214 643 Altera
2243 607 2401 652 ver0,

195 662 498 711 nimirum:
528 658 866 711 CAETERA
888 656 1187 710 MORTIS
1209 658 1489 719 ERVNT,
1518 660 1591 711 ab
1619 661 1785 712 arida
1811 661 1914 712 illa
1938 668 2101 726 parte
2123 662 2404 727 descripta

124 749 146 783 5
195 736 491 794 appareat.
515 728 1038 792 Quemadmodum
1059 728 1111 780 8(
1132 728 1279 780 alias
1299 728 1580 782 TYCHO
1602 730 1715 783 hoc
1731 731 2078 796 Symbolum
2093 733 2403 799 Hierogly-

193 801 451 866 phicum,
466 801 565 852 vbi
578 816 701 852 non
715 799 917 852 saltem
931 800 1006 851 ad
1020 799 1451 863 Temporanea,
1467 807 1527 852 vt
1541 801 1653 862 hic,
1669 802 1764 853 sed
1779 803 1854 854 ad
1870 810 2093 856 aeterna
2108 804 2159 855 8(
2173 807 2405 868 potiora

193 873 519 936 adaptatur,
552 871 802 936 vsurpat.
837 870 960 922 Illic
993 873 1153 922 enim
1185 874 1247 922 in
1279 873 1422 922 viua
1452 871 1503 923 8(
1532 871 1930 925 frondescente
1960 875 2206 926 Arboris
2238 875 2402 936 facie,

195 942 508 996 CHRISTI
529 940 810 994 doctrinae
826 942 878 993 8(
891 944 1028 993 vitae
1043 942 1509 1007 Hieroglyphica
1527 944 1960 1008 repraesentatio
1984 946 2073 1006 est,
2096 949 2190 997 cui
2210 947 2402 1010 super-

192 1014 473 1066 scribitur:
512 1013 842 1065 VIVIMVS
881 1013 967 1064 IN
1008 1012 1372 1066 CHRISTO.
1413 1014 1533 1065 Hic
1564 1030 1706 1066 vero
1739 1015 2131 1081 Philosophiae
2165 1034 2403 1082 quoque

102 1103 144 1138 10
192 1085 375 1138 studia
402 1100 728 1149 eorumque
750 1083 1215 1150 Hieroglyphica
1241 1085 1460 1136 indicia
1485 1085 1560 1137 ad
1589 1086 1836 1138 alteram
1856 1088 2103 1139 Arboris
2124 1088 2331 1140 siccam
2352 1089 2404 1140 8(

191 1156 516 1209 marcidam
526 1155 739 1207 faciem
749 1155 851 1207 sub
863 1155 1076 1207 Mortis
1089 1156 1396 1208 arbitrium
1407 1156 1728 1217 transeunt;
1745 1158 1954 1210 eadem
1968 1159 2064 1219 ibi,
2082 1175 2216 1223 quae
2229 1167 2405 1212 antea

192 1231 254 1279 in
273 1234 658 1292 temporaneo
677 1225 1059 1286 Emblemate,
1081 1233 1360 1279 manente
1382 1227 1781 1293 Inscriptione;
1802 1231 1884 1281 ita
1901 1236 1960 1281 vt
1976 1236 2130 1282 totus
2145 1231 2403 1283 Versicu-

191 1299 283 1351 lus
303 1302 366 1351 in
386 1298 498 1350 hac
519 1301 907 1351 aeternitatem
926 1298 1264 1363 respiciente
1280 1299 1746 1365 Hieroglyphica
1765 1300 2116 1366 figuratione
2134 1301 2206 1354 fic
2220 1302 2402 1355 sonet:

102 1565 142 1599 15
263 1549 472 1613 Sicque
487 1548 767 1601 TYCHO
788 1564 893 1614 per
913 1548 1042 1600 haec
1057 1548 1338 1614 Symbola
1353 1549 1816 1615 Hieroglyphica
1835 1553 2084 1602 innuere
2105 1551 2245 1611 vult,
2268 1552 2400 1603 doc-

191 1622 405 1672 trinam
434 1620 696 1681 solidam‚
727 1620 780 1672 &
808 1636 1007 1672 rerum
1039 1626 1162 1671 tam
1192 1620 1550 1681 Coelestium,
1585 1637 1767 1685 quam
1796 1621 2177 1674 Terrestrium
2206 1626 2398 1688 cogni-

190 1693 429 1752 tionem,
451 1692 720 1756 adeoque
735 1698 920 1743 totam
934 1691 1374 1756 Philosophiam
1389 1695 1451 1743 in
1465 1692 1578 1743 hac
1593 1693 1833 1756 quidem
1847 1694 2081 1745 mortali
2096 1697 2216 1745 vita
2230 1710 2399 1746 mun-

190 1762 385 1827 doque
405 1762 611 1815 visibili
631 1763 683 1815 &
702 1769 1105 1827 temporaneo,
1127 1763 1401 1814 homines
1421 1763 1609 1815 multo
1629 1767 1824 1828 potius
1845 1781 1881 1816 a
1900 1765 2255 1817 mortalitate
2274 1768 2398 1817 vin-

190 1833 402 1895 dicare,
424 1850 605 1898 quam
625 1834 744 1886 alia
764 1834 867 1886 illa
887 1850 1023 1898 quae
1043 1835 1334 1886 mundani
1355 1835 1630 1886 homines
1644 1836 2030 1899 vtplurimum
2049 1836 2398 1897 moliuntur;

95 1920 142 1956 20
190 1912 451 1958 attamen
476 1906 552 1958 ad
578 1908 965 1958 aeternitatem
994 1908 1056 1957 in
1085 1906 1315 1958 summa
1339 1906 1700 1958 beatitudine
1727 1907 2218 1971 consequendam,
2249 1908 2400 1960 nihil

190 1977 534 2037 conducere,
563 1977 659 2029 sed
684 1977 802 2038 ista,
834 1977 1032 2041 quoad
1059 1977 1231 2038 hane,
1258 1980 1433 2029 morti
1461 1994 1700 2042 quoque
1728 1978 1780 2030 8(
1806 1979 2113 2031 abolitioni
2139 1979 2400 2031 obnoxia

190 2049 309 2108 esse,
335 2064 408 2100 ex
428 2064 548 2112 quo
569 2048 687 2099 illic
709 2049 844 2100 DEI
864 2049 1097 2100 bonitas
1119 2048 1171 2100 8(
1190 2049 1586 2101 misericordia
1606 2064 1710 2113 per
1730 2052 2006 2101 meritum
2027 2050 2153 2115 Filij
2179 2050 2396 2102 CHRI-

189 2119 306 2172 STI
333 2120 753 2184 RedemptoriS,
781 2122 1026 2184 eiusque
1054 2119 1334 2172 doctrinae
1356 2120 1408 2172 8(
1427 2123 1564 2172 vitae
1586 2120 2020 2173 obseruantiam
2047 2121 2099 2172 8(
2126 2124 2396 2173 imitatio-

188 2206 343 2251 nem,
373 2191 744 2243 solummodo
770 2191 967 2243 locum
995 2191 1255 2243 habeant
1281 2198 1459 2255 atque
1488 2192 1822 2255 perdurent.
1853 2192 2017 2255 Quin
2047 2192 2099 2243 8(
2128 2193 2247 2245 alia
2275 2193 2396 2244 sen-

94 2278 139 2311 25
188 2265 435 2314 tentiose
464 2261 615 2314 dicta
647 2269 824 2327 atque
854 2262 1274 2315 Emblematice
1304 2265 1610 2314 veritatem
1643 2266 1705 2314 in
1736 2263 2011 2315 medullis
2043 2279 2242 2315 rerum
2273 2280 2397 2316 non

189 2333 497 2385 corticibus
525 2333 816 2397 profunde
845 2333 1184 2386 absconsam
1214 2337 1539 2395 innuentia,
1571 2342 1691 2386 tam
1720 2335 1984 2399 superius
2010 2338 2073 2386 in
2098 2335 2220 2399 ipsa
2245 2351 2395 2396 arce,

188 2407 367 2470 varijs
388 2407 450 2456 in
469 2404 629 2466 lociS‚
651 2402 1027 2469 quam'etiam
1042 2408 1102 2456 in
1118 2405 1423 2457 nonnullis
1440 2408 1690 2470 organiS,
1713 2407 1974 2470 assignari
1993 2409 2237 2466 curauit,
2260 2423 2395 2471 quae

189 2479 393 2528 omnia
413 2492 537 2528 non
557 2477 709 2528 duco
730 2480 1185 2542 operaepretium
1205 2476 1302 2528 hic
1323 2493 1638 2542 apponere.
1664 2473 1685 2545 ΙΙ

71 2590 157 2633 255
1186 2583 1398 2635 XXVI.

94 2670 140 2705 30
259 2655 355 2707 Ad
382 2655 744 2721 Hypocausti
770 2670 1007 2719 quoque
1034 2657 1319 2719 parietem
1344 2655 1558 2719 pendet
1584 2655 1873 2707 RADIVS
1894 2655 2395 2708 ASTRONOMI-

189 2726 336 2778 CVS
351 2742 423 2778 ex
439 2726 754 2779 Orichalco
774 2732 929 2778 totus
950 2726 1233 2786 constanS‚
1256 2728 1423 2777 cuius
1442 2725 1672 2791 longior
1687 2726 1909 2791 Regula
1924 2726 2026 2778 seu
2045 2726 2162 2791 ipse
2178 2727 2396 2779 Radius

190 2797 389 2849 circuli
403 2798 918 2850 Semidiametrum
939 2797 1378 2862 repraesentanS,
1401 2797 1476 2848 est
1495 2797 1676 2861 paulo
1696 2797 1829 2860 plus
1851 2814 2032 2862 quam
2046 2800 2224 2849 trium
2239 2797 2395 2850 cubi-

188 2875 405 2929 torum3
445 2869 637 2933 estque
674 2869 818 2921 olim
849 2885 887 2921 a
919 2868 1340 2921 GVALTERO
1374 2868 1792 2929 ARSCENIO‚
1832 2869 2064 2933 Nepote
2102 2867 2397 2921 doctissimi

188 2939 345 2992 illius
383 2940 794 2992 Mathematici
828 2940 1161 2993 GEMMAE
1200 2939 1419 2991 FRISII
1458 2939 1743 3000 BATAVI,
1789 2943 1891 3004 qui
1925 2940 2287 3005 peculiarem
2325 2941 2396 2992 de

94 3026 140 3060 35
188 3010 302 3063 hoc
331 3011 717 3064 Instrumento
748 3012 926 3064 edidit
954 3011 1235 3071 libellum,
1269 3010 1345 3062 ad
1377 3010 1551 3062 instar
1580 3013 1708 3062 eius
1738 3014 1839 3075 qui
1868 3011 1985 3063 illic
2015 3027 2052 3063 a
2083 3011 2396 3064 GEMMA

111 3085 140 3127 ·1·
189 3082 539 3143 describitur,
566 3083 844 3135 subtiliter
871 3083 1222 3135 elaboratus,
1251 3081 1451 3133 Habet
1477 3084 1654 3133 etiam
1681 3082 1962 3135 TYCHO
1990 3082 2185 3134 adhuc
2211 3082 2397 3135 alium

189 3153 443 3206 Radium
470 3160 659 3206 totum
689 3170 927 3219 quoque
958 3170 1031 3206 ex
1059 3152 1440 3206 Orichalcicis
1469 3153 1707 3205 laminis
1737 3154 2112 3214 conflantem,
2143 3157 2397 3206 exterius

188 3225 608 3290 triangularem
623 3225 675 3277 8(
689 3228 933 3277 interius
949 3239 1299 3284 concauum‚
1317 3231 1378 3276 vt
1393 3240 1464 3276 eo
1478 3224 1542 3276 fit
1555 3224 1761 3286 leuior,
1784 3228 1887 3289 qui
1899 3241 2004 3290 per
2017 3225 2205 3277 lineas
2219 3225 2395 3277 trans-

188 3295 442 3348 uersales
467 3295 802 3361 punc'taque
828 3300 891 3348 in
917 3296 1009 3348 his
1032 3301 1236 3348 notata
1254 3295 1427 3360 longe
1448 3295 1645 3360 plures
1667 3296 1718 3347 8(
1737 3296 2062 3349 subtiliores
2082 3296 2396 3348 diuifiones

94 3382 141 3417 40
190 3366 439 3429 exhibet,
476 3383 659 3433 quam
689 3368 947 3434 vulgaris
977 3367 1083 3419 illa
1114 3366 1278 3432 Radij
1315 3368 1378 3418 in
1408 3367 1726 3431 particulas
1759 3368 2022 3433 aequales
2054 3367 2394 3489 distribugim

2245 3454 2281 3490 a
2324 3453 2395 3489 eo
