2748 4204
372 287 473 339 242
712 278 1312 334 EPISTOLARUM
1337 276 2169 330 ASTRONOMICARUM

439 425 577 475 Non
596 422 921 473 dubitamus
942 432 1174 481 quoque
1190 420 1331 480 quin
1345 417 1499 480 apud
1515 416 1839 468 Gesnerum
1855 415 2275 467 Germanicum
2289 415 2359 467 de
2373 417 2513 467 Ani·
2734 430 2748 486 ἐς·

369 492 614 543 malibus
629 488 1111 551 Quadrupedibus
1130 486 1349 549 legeris,
1371 486 1509 548 quid
1528 486 1624 536 fol.
1640 486 1723 537 85.
1739 486 1809 536 de
1823 484 2084 535 Animali
2102 485 2258 547 quod
2272 485 2394 546 Rix,
2415 493 2516 537 aut

369 570 425 612 vt
446 559 780 623 quibusdam
806 557 1003 620 placet,
1031 556 1175 607 Orix
1200 555 1538 618 appellatur,
1565 555 1785 605 scribat:
1813 554 1967 605 Scire
1987 553 2360 606 vehementer
2378 571 2513 607 aue-

368 645 511 687 muS,
542 644 617 679 an
644 629 712 677 ea
737 627 806 677 de
831 641 892 676 re
919 626 1237 688 quidquam
1263 625 1616 686 experientia
1640 624 1740 674 tibi
1766 630 2124 686 compertum
2149 623 2227 683 fit,
2256 630 2357 676 aut
2382 640 2515 676 cum

367 698 696 749 hominibus
723 694 1028 746 contuleris
1055 697 1153 757 qui
1179 694 1236 744 id
1255 694 1516 751 viderint,
1543 699 1644 744 aut
1664 693 1869 743 docere
1894 695 2199 755 potuerint,
2227 709 2360 757 quae
2381 709 2513 745 con·
2563 712 2584 746 ⁵

368 769 503 818 ditio
524 769 647 817 eius
666 765 742 824 fit,
770 771 869 815 aut
886 764 981 815 vbi
1002 766 1348 822 inueniatur,
1377 762 1427 812 &
1453 778 1596 812 num
1621 768 1798 813 tantae
1823 765 2194 825 proceritatis,
2222 770 2456 827 quantae
2479 779 2515 815 a

368 836 622 887 Gesnero
642 837 904 897 pingitur,
925 833 1035 883 fiet.

435 904 880 955 Mathematicus
906 902 1089 953 noster
1110 900 1759 953 CHRISTOPHORVS
1780 900 2344 954 ROTHMANNVS
2369 918 2514 954 non-

366 976 504 1026 dum
523 974 595 1024 ad
616 988 722 1023 nos
742 972 1000 1023 reuersus
1021 972 1114 1022 est:
1139 972 1206 1021 Et
1225 971 1355 1021 licet
1375 986 1510 1021 eum
1529 985 1631 1033 per
1649 971 1843 1022 literas
1863 974 2353 1032 reuocauerimuS,
2373 979 2513 1024 atta-

364 1060 499 1094 men
523 1043 866 1093 infirmitatis
891 1041 1007 1092 suae
1034 1056 1167 1104 ergo
1195 1040 1487 1104 (quamuis
1513 1055 1619 1091 nec
1645 1039 1716 1090 de
1741 1040 1852 1091 hac
1871 1040 2039 1092 nobis
2059 1044 2359 1105 quippiam
2378 1045 2515 1094 certi
2566 1059 2608 1094 ιο
2734 1042 2748 1116 3

366 1112 592 1174 constet)
615 1111 880 1163 excusare
900 1111 954 1161 se
973 1111 1170 1161 voluit.

434 1182 792 1233 Defideratos
807 1197 843 1231 a
856 1187 909 1231 te
925 1180 1305 1243 Chartopaeos
1320 1182 1495 1230 etiam
1508 1179 1733 1230 summa
1746 1179 2003 1231 adhibita
2017 1180 2310 1244 diligentia
2327 1180 2514 1234 hacte-

365 1267 474 1303 nus
502 1250 747 1302 nancisci
774 1252 1162 1313 nequiuimuS.
1192 1250 1578 1312 Praecepimus
1604 1255 1801 1300 autem
1828 1249 2094 1301 ministris
2122 1250 2338 1310 nostriS,
2368 1267 2515 1315 quos

364 1322 437 1372 ad
456 1316 768 1387 instan-sstes
781 1321 824 1370 F
826 1319 1295 1371 rancofurdenses
1310 1319 1622 1370 Nundinas
1637 1319 2105 1380 amandauimUS,
2118 1326 2178 1372 vt
2190 1320 2291 1384 ipsi
2303 1320 2517 1372 ibidem
2547 1330 2632 1372 212

362 1391 656 1454 diligenter
675 1389 1001 1452 disquirant,
1023 1405 1100 1440 an
1120 1389 1347 1451 aliquos
1368 1388 1600 1452 adipisci
1619 1390 1834 1452 possint.
1862 1389 2021 1452 Quid
2039 1405 2179 1441 vero
2198 1392 2236 1455 ij
2260 1387 2516 1442 effecturi
2568 1407 2608 1441 1⁵

361 1460 479 1518 fint,
501 1460 569 1510 de
591 1474 661 1509 eo
680 1461 957 1522 proximis
977 1458 1176 1509 nostris
1195 1458 1372 1509 literis
1394 1461 1695 1509 certiorem
1714 1465 1768 1509 te
1788 1458 2084 1510 faciemus
2688 1480 2692 1484 ·
2736 1488 2748 1518 ἶἓ,

430 1529 738 1579 Nouarum
758 1528 986 1586 Rerum,
1014 1534 1298 1591 quantum
1323 1527 1435 1579 hoc
1455 1534 1714 1592 tempore
1734 1529 1808 1580 ad
1827 1543 2041 1580 manus
2065 1529 2394 1590 habuimuS‚
2421 1531 2514 1582 de-

359 1598 624 1661 scriptum
649 1598 739 1648 his
764 1598 1157 1657 adiunximus;
1184 1598 1337 1648 vnde
1364 1598 1683 1662 cognosces,
1711 1599 2009 1662 quomodo
2034 1598 2089 1650 se
2116 1599 2226 1650 Res
2251 1599 2515 1660 Gallicae‚

361 1668 411 1718 81
442 1668 689 1719 aliarum
721 1683 956 1718 orarum
986 1667 1255 1727 habeant,
1289 1669 1562 1731 quodque
1591 1668 1944 1719 miserrimus
1972 1668 2034 1720 fit
2063 1669 2314 1733 Europae
2341 1672 2516 1721 totius

361 1738 564 1789 Status.
593 1737 650 1788 Si
671 1737 809 1800 quid
828 1737 898 1788 de
919 1737 1081 1788 Statu
1100 1737 1330 1796 Daniae‚
1357 1744 1458 1788 aut
1477 1737 1623 1789 alias
1647 1740 1821 1789 etiam
1846 1741 1989 1789 noui
2014 1738 2304 1799 habueriS,
2330 1739 2389 1791 id
2413 1755 2515 1791 no·
2564 1755 2609 1790 20

359 1807 571 1858 biscum
585 1808 813 1857 vicissim
833 1810 1250 1858 communicari
1270 1807 1580 1858 clementer
1599 1811 1863 1871 petimus,
1884 1808 2300 1860 Permanemus
2319 1815 2517 1861 autem

359 1877 457 1927 tibi
484 1877 747 1927 clementi
773 1892 840 1927 ac
865 1878 1115 1940 gratiosa
1138 1877 1436 1928 voluntate
1461 1877 1741 1929 fauentes.
1776 1877 1998 1929 Datum
2022 1881 2086 1929 in
2109 1878 2262 1930 Vrbe
2289 1879 2341 1931 &
2365 1879 2516 1930 Arce

360 1946 546 1996 nostra
567 1946 899 2004 Cassellaua,
919 1946 991 1997 31.
1013 1946 1266 2011 Augusti,
1287 1947 1466 1998 Anno
1487 1948 1617 1999 1591.

1197 2040 1625 2092 WILHELMVS
1652 2041 2124 2093 LANDGRAVIVS
2150 2041 2445 2093 HASSIAE.

1133 2182 1741 2243 POSTSCRIPTA.
2563 2208 2609 2243 25

476 2271 961 2323 VAMPRIMVM
989 2272 1434 2325 Obseruationes
1462 2279 1579 2324 tuae
1605 2273 1917 2325 Stellarum
1942 2274 2218 2325 Fixarum
2237 2273 2289 2324 &
2308 2273 2516 2325 Errati-

494 2357 693 2393 carum
712 2341 985 2393 absolutae
1004 2342 1232 2403 fuerint,
1252 2343 1495 2395 libenter
1515 2358 1614 2395 eas
1633 2343 1983 2395 haberemus
2003 2358 2138 2395 cum
2153 2342 2342 2395 nostra
2357 2341 2516 2394 recti-

359 2410 626 2462 ficatione
647 2412 1041 2464 conferendas

429 2481 519 2532 De
541 2481 710 2533 Orice
731 2482 1027 2546 diligenter
1046 2485 1323 2546 inquiraS,
1347 2498 1440 2542 an,
1463 2482 1514 2533 &
1533 2483 1630 2534 vbi
1648 2482 1914 2534 locorum
1932 2485 2283 2543 inueniatur,
2304 2482 2356 2534 &
2376 2497 2516 2546 quo-

358 2551 533 2602 modo
564 2551 937 2615 vndiquaque
969 2552 1351 2615 qualificetur:
1391 2553 1690 2616 Siquidem
1725 2553 2023 2605 literarum
2060 2553 2273 2604 harum
2309 2552 2517 2604 allator
2563 2567 2609 2602 30

360 2627 634 2684 cognatus
661 2627 794 2672 tuus
819 2621 1100 2673 Ascanius
1126 2622 1305 2681 Bilde,
1334 2623 1522 2673 vidisse
1549 2622 1605 2674 se
1633 2626 1695 2674 in
1722 2622 1892 2674 horto
1917 2623 2173 2674 ferarum
2199 2621 2439 2674 Hafniae
2465 2621 2516 2673 ἃ

361 2689 719 2754 Croneburgi
739 2698 838 2742 aut
859 2692 1263 2756 Friderilburgi
1282 2692 1504 2755 aliquot
1525 2693 1870 2744 eiuscemodi
1888 2699 2062 2756 putet.
2077 2693 2296 2744 Verum
2315 2691 2517 2756 procul

360 2760 524 2819 abest,
562 2767 621 2811 vt
652 2775 723 2811 ex
754 2762 1103 2812 indicatione
1136 2765 1260 2813 eius
1292 2769 1468 2814 tantae
1500 2763 1914 2827 magnitudinis
1945 2762 2023 2823 fit,
2062 2769 2298 2826 quantae
2333 2763 2517 2826 pinxit

363 2828 672 2880 Gesnerus:
694 2831 850 2881 Nam
869 2831 952 2882 23.
975 2831 1231 2894 Spitami,
1252 2847 1357 2895 pro
1377 2832 1638 2884 Animali
1657 2835 1949 2897 ingentem
1968 2832 2311 2884 constituunt
2329 2831 2516 2883 altitu-

362 2899 571 2949 dinem.
593 2899 992 2952 Nihilominus
1013 2902 1275 2953 Creatori
1295 2917 1418 2953 non
1438 2903 1561 2953 esset
1580 2902 1638 2953 id
1657 2902 2006 2966 impossibile.
2564 2916 2610 2952 3⁵

2735 1803 2748 1831 ,A

2740 1832 2748 1859 ’ὲ

2735 1917 2748 1950 ’ζ

2738 1971 2748 1988 ,3¹

2736 1995 2748 2023 Ἰε’

2736 2145 2748 2175 ’ἶ

2734 2232 2748 2246 ,Ἰ

2740 2411 2748 2448 22³

2731 2581 2748 2713 ¹}

2737 2715 2748 2735 ἦ

2341 3339 2516 3392 DEM
