2748 4204
990 359 1236 413 LIBER
1262 360 1586 414 PRIMUS
2310 365 2390 416 121

189 512 425 558 zontem
444 505 651 557 formae
673 503 988 556 Stellarum
1008 503 1084 555 ad
1104 502 1364 554 nostrum
1384 503 1572 555 visum
1591 508 1962 568 perueniunt.
1985 506 2076 558 Sic
2099 505 2150 557 8(
2170 509 2233 558 in
2247 507 2390 558 Alti-

189 578 391 630 tudine
412 577 496 628 30.
520 575 852 635 Graduum,
881 577 1168 638 quoniam
1194 576 1257 624 in
1277 573 1598 639 Triangulo
1619 575 1792 628 ACO
1817 576 2018 628 itidem
2039 577 2252 629 dantur
2273 578 2391 630 duo

190 649 375 701 latera
394 647 508 699 AO
528 646 580 698 8(
596 646 723 706 AC,
746 661 882 697 cum
896 645 1136 710 Angulo
1151 645 1260 697 AC
1273 645 1343 704 O,
1366 649 1469 709 qui
1488 661 1591 710 per
1612 647 1982 712 Hypothefin
2001 648 2152 700 vltra
2171 648 2393 702 rectum

191 721 361 772 datur
374 719 459 770 30.
478 718 659 770 Grad.
681 716 796 769 hoc
817 716 907 778 est,
931 716 1248 769 Graduum
1268 716 1383 776 120;
1406 717 1576 768 datur
1591 720 1763 782 igitur
1778 718 1830 769 8(
1843 722 2078 770 tertium
2093 719 2144 772 C
2155 720 2207 772 O
2222 720 2393 780 latus,

121 811 142 844 5
191 790 457 842 distantia
487 791 771 840 nimirum
803 795 1082 840 extremae
1113 786 1439 851 superficiei
1466 789 1638 839 Aeris
1671 790 1946 841 crassioris
1979 793 2041 841 in
2066 791 2394 843 Altitudine

191 862 275 913 30.
299 860 632 914 Graduum.
654 860 741 912 Ita
759 859 940 919 videS,
962 859 1077 911 hoc
1096 861 1271 910 vnico
1292 866 1658 923 argumento,
1684 861 1844 924 quod
1863 863 2145 913 nimirum
2167 862 2394 914 Refrac-

190 935 380 985 tiones
401 947 525 983 non
545 932 756 983 durent
775 930 952 995 vsque
974 931 1050 982 ad
1069 932 1364 990 verticem,
1392 929 1703 982 firmissime
1725 932 2120 993 demonstrari,
2148 949 2272 984 non
2292 935 2395 985 esse

191 1003 419 1056 diuersa
429 1002 688 1054 AEtheris
701 1002 754 1053 8(
763 1003 936 1054 Aeris
947 1001 1287 1066 Diaphana.
1301 1002 1429 1052 Nec
1442 1004 1602 1053 enim
1612 1001 1714 1066 ipfi
1728 1002 1920 1067 Optici
1931 1018 2145 1068 negare
2157 1005 2394 1068 possunt,

192 1078 337 1139 quin
357 1073 770 1139 praesuppofito
791 1072 1022 1125 diuerso
1042 1072 1302 1124 AEtheris
1318 1072 1370 1124 8(
1383 1073 1556 1124 Aeris
1577 1073 1900 1137 Diaphano
1921 1075 2297 1126 necessarium
2317 1076 2395 1136 fit,

102 1165 143 1200 ιο
191 1153 251 1198 vt
265 1143 552 1198 Refrad'tio
567 1145 735 1197 duret
747 1145 926 1209 vsque
941 1145 1017 1197 ad
1031 1147 1326 1204 verticem,
1348 1150 1407 1195 vt
1423 1159 1496 1195 ex
1510 1144 1823 1196 Alhazeno
1838 1145 1934 1196 lib.
1950 1147 1999 1197 7.
2017 1145 2069 1197 8(
2082 1146 2396 1198 Vitellione

191 1217 287 1269 lib.
310 1217 382 1269 10.
404 1217 463 1269 P.
485 1218 558 1269 51.
586 1216 957 1269 manifestum
984 1215 1074 1267 est.
1104 1216 1190 1267 Ea
1216 1231 1471 1280 quoque,
1501 1231 1637 1280 quae
1657 1215 1893 1267 Vitellio
1920 1216 2015 1268 lib.
2038 1217 2110 1268 10.
2132 1217 2190 1268 P.
2212 1219 2297 1270 55.
2326 1218 2397 1269 de

191 1288 596 1340 scintillatione
627 1287 942 1340 Stellarum
970 1286 1285 1352 proposuit,
1316 1286 1357 1338 fi
1385 1302 1527 1338 vera
1557 1288 1742 1348 essent,
1772 1303 1879 1351 pro
1909 1303 2004 1339 me
2034 1287 2306 1340 facerent.
2338 1289 2398 1341 Si

193 1362 353 1412 enim
366 1359 694 1412 scintillatio
707 1358 1023 1411 Stellarum
1036 1358 1200 1410 fieret
1214 1365 1451 1422 propter
1465 1358 1954 1410 diuaricationem
1968 1358 2176 1411 formae
2192 1362 2253 1410 in
2266 1359 2398 1411 loco

193 1433 482 1496 imaginiS‚
509 1430 846 1495 sequeretur
870 1430 1024 1491 inde,
1051 1430 1307 1482 sormam
1333 1429 1499 1482 illam
1525 1445 1649 1481 non
1675 1429 1815 1482 alibi
1843 1446 2025 1494 quam
2050 1433 2113 1481 in
2139 1432 2398 1482 crassiore

104 1522 145 1556 15
194 1503 349 1554 Abire
382 1502 680 1554 consistere
712 1503 878 1566 posse.
913 1502 1075 1554 Nam
1103 1501 1330 1553 Ventus
1358 1501 1536 1566 vsque
1566 1501 1642 1553 ad
1675 1517 2003 1553 concauam
2035 1501 2399 1566 superficiem

194 1573 457 1639 Sphaerae
479 1574 731 1626 Lunaris
752 1589 876 1625 non
896 1572 1166 1634 ascendit,
1190 1588 1299 1624 nec
1320 1573 1661 1633 admodum,
1683 1579 1743 1624 vt
1763 1576 1991 1637 opinor,
2012 1573 2162 1625 vltra
2183 1575 2399 1625 crassio-

194 1661 319 1697 rem
339 1645 509 1697 illum
528 1646 764 1697 Aerem.
785 1645 901 1696 Vix
921 1647 1082 1697 enim
1102 1647 1165 1696 in
1184 1660 1336 1709 puro
1356 1644 1459 1696 illo
1480 1645 1637 1696 Aere
1657 1645 1884 1696 Ventus
1910 1645 2145 1696 existere
2172 1648 2397 1709 poterit.

195 1717 346 1769 Haec
373 1717 448 1769 ad
474 1723 529 1769 te
555 1715 668 1768 hac
693 1719 821 1768 vice
847 1715 1197 1780 perscribere
1223 1716 1404 1776 volui,
1432 1732 1508 1768 ne
1534 1715 1682 1768 forte
1707 1723 1960 1780 putareS,
1993 1716 2175 1780 (quod
2201 1723 2401 1768 tamen

194 1791 293 1840 vix
312 1787 461 1840 mihi
481 1788 841 1840 credendum
858 1787 1022 1851 erat,)
1044 1787 1601 1840 demonstrationem
1615 1803 1813 1839 meam
1828 1803 1899 1839 eo
1914 1787 2219 1847 infirmari,
2242 1788 2401 1852 quod

101 1878 147 1913 20
194 1859 445 1925 spatium
470 1859 616 1912 illud
643 1860 921 1911 crassioris
947 1860 1121 1911 Aeris
1146 1859 1292 1911 iusto
1318 1862 1514 1911 maius
1540 1858 1906 1912 assumserim.
1939 1859 2252 1910 Memoriae
2279 1859 2399 1922 lap-

96 1941 152 1985 93
194 1931 321 1983 sum
342 1932 462 1991 esse,
483 1930 654 1983 facile
675 1931 1135 1983 animaduertes:
1158 1946 1267 1983 nec
1287 1937 1519 1983 tantum
1532 1933 1813 1995 temporis
1826 1937 1965 1982 tunc
1979 1929 2127 1981 mihi
2142 1926 2162 1998 ΙΙ
2176 1930 2402 1982 sumere

195 2006 376 2068 potui,
406 2009 466 2055 vt
494 2002 646 2067 ipsos
672 2003 930 2054 Autores
960 2002 1341 2054 consulerem.
1369 2002 1517 2054 Vale
1548 2005 1721 2067 igitur
1746 2002 2055 2054 felicissime
2086 2001 2137 2052 8(
2167 2004 2401 2066 optime,

195 2074 536 2126 nobilissime
558 2074 611 2126 8(
631 2074 1094 2126 excellentissime
1115 2073 1337 2139 Tycho,
1361 2073 1413 2125 8(
1433 2074 1505 2125 de
1526 2073 1640 2126 hoc
1660 2073 1891 2125 sublimi
1911 2076 2145 2138 negotio
2168 2088 2403 2124 mecum

197 2145 462 2198 conferre
483 2161 558 2197 ne
579 2145 790 2198 define.
813 2145 1071 2198 Cassellis
1092 2146 1165 2198 14.
1190 2145 1436 2198 Calend.
1459 2145 1755 2197 Nouemb.
1777 2146 1959 2196 Anno
1980 2145 2064 2197 87.

102 2258 147 2293 2⁵
1246 2239 2331 2365 CHRISTOPHogJJROTHMANNVS.

123 2508 151 2552 τ
262 2476 1091 2551 ILLVSTRISSIMO
1136 2476 1623 2551 PRINCIPI
1665 2475 1815 2549 AC
1859 2473 2341 2548 DOMINO

330 2581 404 2633 D.
425 2581 878 2634 WILHELMo
907 2581 1220 2634 HASSIAE
1247 2579 1845 2639 LANDTGRAvm,
1875 2578 2163 2631 COMITI
2192 2577 2276 2628 IN

423 2664 1238 2725 CATZENELLEBOGEN,
1267 2662 2062 2724 DIETZ,ZIEGENHA1N
2091 2660 2189 2711 ET

106 2758 152 2794 ³0
633 2748 923 2801 NIDDA:
951 2748 1289 2801 PRINCIPI
1315 2747 1426 2799 AC
1453 2746 1790 2799 DOMINO
1819 2745 1975 2797 stJo

980 2829 1637 2885 CLEMENTISSIMO

1244 2913 1293 2956 S.
1322 2913 1370 2956 P.

292 3026 310 3041 ²
360 3044 362 3046 v
394 3072 396 3074 ,
429 2985 453 2987 ἢν
486 3060 508 3066 ,
531 2984 621 3074 Ὅ)
676 3005 847 3058 VOD
861 3006 1086 3058 tardius
1099 3012 1220 3058 tam
1235 3004 1384 3056 Tuae
1401 3002 1771 3056 Celfitudinis
1787 2998 2204 3065 expectatione,
2228 3013 2408 3062 quam

314 3095 321 3116 2'
414 3107 418 3114 x
455 3078 531 3108 ψ·
609 3073 622 3091 ²
675 3093 812 3129 mea
837 3077 1013 3142 ipfius
1038 3077 1343 3129 voluntate
1370 3075 1445 3127 ad
1471 3075 1668 3126 literas
1696 3088 1844 3137 quas
1871 3074 2024 3123 circa
2043 3069 2408 3121 Autumnale

436 3197 456 3214 ,,
676 3147 1124 3213 AEquinodtium
1163 3147 1560 3200 antecedentis
1600 3147 1760 3204 anni,
1793 3143 1926 3195 Tua
1964 3141 2259 3194 Celfitudo
2299 3140 2408 3191 cle-

598 3272 630 3286 ,ἡ
676 3227 905 3272 menter
925 3220 1001 3272 ad
1021 3236 1117 3271 me
1139 3219 1311 3279 dedit,
1334 3233 1493 3269 nunc
1514 3216 1915 3280 respondeam,
1938 3213 2193 3264 Illustriss.
2216 3212 2409 3264 Gene-

298 3319 301 3323 ·
381 3289 450 3340 -σῖὐ
483 3339 488 3341 .
564 3278 631 3361 >NK
678 3291 1063 3355 rofissimeque
1079 3291 1371 3354 PrincepS,
1391 3288 1756 3340 occasionem
1770 3285 2150 3350 praebuerunt
2164 3298 2410 3346 occupa-

242 3361 249 3375 ‘
289 3366 295 3374 ⁸
367 3378 370 3379 ’
439 3354 637 3403 —34
678 3365 870 3414 tiones
884 3365 1067 3414 variae
1090 3361 1141 3413 8(
1162 3361 1586 3425 impedimenta
1606 3358 1899 3422 quaedam,
1922 3371 2056 3420 quae
2079 3357 2230 3405 circa
2244 3354 2411 3404 Veris

203 3432 438 3482 initium
460 3432 808 3493 inciderunt,
837 3433 1276 3496 effeceruntque
1298 3447 1417 3496 quo
1438 3433 1636 3481 minus
1657 3445 1760 3493 per
1781 3443 1898 3487 eos,
1928 3429 2028 3490 qui
2049 3426 2124 3477 ad
2145 3427 2410 3489 proxime

350 3513 393 3548 ιε
2088 3497 2410 3559 praeteritas
