2748 4204
1013 317 1259 372 LIBER
1286 318 1608 372 PRIMUS
2325 324 2415 375 165

120 492 123 498 ν
211 463 371 529 quod
397 462 672 527 equidem
697 476 915 526 magna
940 461 1222 514 auiditate
1243 459 1519 513 desidero,
1548 462 1711 525 Quin
1732 462 1784 514 ἃ
1803 478 1939 515 mea
1962 466 2286 525 ratiocinia,
2316 480 2417 517 cur

121 1121 162 1155 10

210 549 334 586 non
363 533 531 586 aliter
557 535 621 584 in
650 532 743 584 his
770 531 1140 584 statuendum
1169 532 1430 592 sentiam,
1462 534 1872 598 quampridem
1902 550 1938 586 a
1967 550 2062 586 me
2092 534 2416 587 indicatum

211 605 302 665 est,
325 607 502 657 etiam
516 603 663 655 Tuae
680 602 1022 655 Celfitudini
1038 603 1383 668 propediem
1401 602 1639 655 fauente
1654 605 1860 656 diuino
1876 606 2100 657 auxilio
2116 622 2147 658 e
2162 606 2415 659 secundo

211 678 398 741 capite
426 677 637 740 prioris
662 673 837 726 Tomi
862 674 1038 726 nostri
1064 674 1158 726 De
1184 674 1607 726 recentioribus
1632 675 1898 728 AEtherei
1925 677 2141 728 Mundi
2170 677 2415 730 Phaeno-

209 749 415 806 meniS‚
450 760 629 811 quem
661 761 820 797 nunc
852 744 955 797 sub
986 745 1184 810 praelis
1215 744 1426 805 habe0,
1460 745 1775 811 perspiciet.
1819 747 2129 812 Postquam
2162 752 2321 800 enim
2354 752 2416 800 in

210 820 402 883 primo
423 819 627 882 capite,
655 816 876 869 Solaris
901 823 1098 869 motus
1119 815 1464 880 exquisitam
1484 832 1760 869 normam
1782 833 1813 869 e
1833 821 2079 870 minime
2101 819 2292 885 dubijs
2313 820 2414 872 ali·

211 895 354 954 quot
381 890 813 953 praeteritorum
839 888 1159 940 Annorum
1187 886 1711 940 obseruationibus
1741 905 1844 953 per
1874 898 2268 954 competentes
2299 891 2414 943 De-

210 959 656 1013 monstrationes
678 958 1085 1012 Geometricas
1110 961 1174 1010 in
1199 958 1503 1023 praecisam
1530 963 2005 1012 numerationem
2032 960 2185 1013 hisce
2212 962 2417 1014 seculis

211 1037 640 1096 competentem
666 1030 899 1092 deduxi,
927 1032 991 1082 in
1016 1030 1203 1083 altero
1226 1028 1581 1090 Affixarum‚
1609 1037 1668 1082 vt
1696 1031 1832 1091 dixi,
1860 1031 2174 1084 Stellarum
2201 1033 2414 1085 restitu-

210 1105 433 1155 tionem
453 1117 526 1154 ex
545 1101 678 1166 ipsis
692 1101 1117 1154 Fundamentis
1136 1100 1368 1161 molior,
1392 1100 1444 1152 &
1464 1100 1730 1166 pluribus
1748 1100 1966 1154 selectis
1982 1103 2415 1156 Obseruationi-

209 1174 320 1227 bus
337 1188 442 1238 per
462 1172 661 1226 Solem
675 1172 728 1225 &
740 1173 988 1225 Veneris
1006 1172 1265 1232 Stellam,
1286 1175 1350 1224 in
1369 1179 1617 1237 vtroque
1638 1172 1745 1224 fitu
1764 1180 1886 1226 tam
1907 1177 2214 1235 matutino,
2237 1191 2417 1239 quam

210 1244 552 1310 vespertin0‚
579 1259 699 1296 vna
725 1259 861 1296 cum
881 1244 1012 1309 alijs
1034 1243 1383 1309 quibusdam
1404 1246 1558 1296 circa
1577 1244 1735 1296 idem
1756 1247 2416 1309 experimentationibus

210 1322 400 1368 ratam
418 1317 783 1380 minimeque
803 1315 1047 1368 dubiam
1066 1315 1275 1376 statuo;
1298 1315 1425 1367 Nec
1443 1314 1663 1376 diffido,
1685 1316 1782 1368 vbi
1797 1316 1929 1368 Tua
1943 1316 2238 1369 Celfitudo
2254 1333 2416 1370 meas

210 1402 448 1452 quoque
463 1389 721 1439 rationes
735 1386 854 1439 illic
867 1386 1238 1451 perlustrant,
1261 1386 1314 1438 δι
1334 1402 1470 1439 cum
1483 1386 1598 1438 suis
1614 1387 1940 1448 contulerit,
1960 1390 2105 1452 quin
2119 1389 2416 1450 concedat,

97 1468 179 1512 136
210 1458 361 1511 nihil
385 1473 537 1510 meae
563 1458 993 1524 inuestigationi
1018 1457 1228 1510 subesse
1254 1460 1396 1524 vitij,
1425 1473 1639 1523 meque
1667 1453 1687 1527 ΙΙ
1716 1474 1787 1511 ea
1814 1459 2113 1524 diligentia
2134 1459 2186 1511 81
2205 1460 2416 1512 subtili-

115 2903 160 2938 35

116 3258 161 3292 40

208 1536 326 1582 tate
341 1529 416 1582 ad
430 1532 689 1582 veritatis
709 1532 1050 1582 interiorem
1070 1529 1352 1582 nucleum
1372 1530 1735 1590 contendisse‚
1758 1537 1816 1582 vt
1836 1533 2126 1583 maiorem
2141 1531 2418 1584 adhibere

209 1604 308 1653 vix
322 1603 603 1666 cuiquam
616 1600 803 1653 liceat.
826 1601 979 1654 Haec
993 1617 1136 1653 vero
1150 1607 1462 1666 propterea
1477 1616 1548 1653 eo
1563 1601 1738 1653 latius
1754 1618 2173 1663 commemorO‚
2195 1610 2254 1654 vt
2268 1603 2333 1655 T.
2352 1603 2417 1656 C.

209 1672 515 1738 cognoscat
533 1687 630 1724 me
651 1672 722 1724 de
743 1675 925 1738 priori
944 1672 1276 1733 transmissa,
1299 1672 1498 1737 quoad
1513 1672 1794 1725 Fixarum
1810 1673 2255 1739 dispositionem,
2278 1674 2417 1727 Sen-

208 1746 390 1796 tentia
409 1759 485 1795 ne
505 1746 822 1796 minimum
842 1743 984 1809 quid
1005 1744 1290 1805 dubitare,
1313 1746 1459 1809 quin
1474 1744 1642 1796 Caelo
1663 1744 1767 1809 ipfi
1787 1748 2053 1810 apprime
2069 1745 2325 1797 consona
2339 1746 2416 1804 fit,

210 1815 262 1868 &
277 1818 418 1880 quia
432 1830 614 1880 quam
627 1818 888 1868 maxime
903 1821 1170 1881 optarem
1185 1815 1511 1880 aliquando
1525 1818 1588 1867 in
1604 1816 2092 1880 Longitudinibus
2106 1817 2418 1869 Stellarum

210 1902 333 1939 non
352 1889 551 1939 minus
572 1902 754 1951 quam
769 1887 1283 1940 Declinationibus
1301 1894 1478 1952 atque
1496 1886 1775 1953 distantijs
1791 1887 2131 1939 consensum
2145 1891 2295 1939 inter
2310 1904 2419 1940 nos

209 1957 563 2010 vniformem
589 1960 727 2010 iniri
751 1959 917 2024 posse.
950 1958 1257 2022 Quoniam
1283 1974 1425 2011 vero
1454 1958 1636 2024 paulo
1663 1966 1840 2011 antea
1865 1962 1927 2010 in
1954 1959 2174 2012 Solaris
2201 1959 2418 2011 semitae

209 2032 422 2082 iterum
442 2029 848 2095 redintegratae
868 2033 1235 2083 mentionem
1250 2030 1444 2091 incidi,
1466 2033 1632 2082 mitto
1646 2029 1712 2082 T.
1730 2030 1796 2083 C.
1811 2031 2090 2083 binorum
2105 2047 2417 2091 annorum,

208 2107 404 2167 vtpote
433 2100 614 2153 huius
642 2101 892 2154 labentis
919 2102 972 2154 ἀ
997 2104 1265 2167 proxime
1295 2101 1556 2155 instantis
1586 2101 2023 2166 Ephemerides,
2055 2118 2126 2154 ex
2156 2101 2269 2154 hoc
2298 2102 2418 2167 ipso

209 2175 507 2225 neoterico
528 2172 756 2225 calculo
776 2172 1132 2239 supputatas,
1153 2180 1214 2226 vt
1235 2173 1287 2225 &
1307 2172 1437 2225 haee
1457 2173 1605 2234 loca,
1627 2189 1731 2239 per
1745 2173 1810 2225 T.
1827 2173 1894 2226 C.
1917 2173 2302 2225 Instrumenta
2323 2189 2417 2226 ex-

209 2243 527 2309 plorentur,
559 2243 611 2296 &
641 2259 776 2296 cum
804 2247 967 2309 prius
996 2245 1324 2297 transmissis
1351 2244 1745 2304 conferantur,
1776 2252 1896 2300 vtvt
1925 2245 2231 2297 discrimen
2261 2246 2418 2309 quod

208 2315 512 2376 intercidit,
533 2315 596 2367 fit
615 2318 1017 2382 perexiguum.
1040 2316 1360 2370 Sciendum
1373 2332 1515 2368 vero
1536 2316 1645 2368 has
1665 2316 1816 2381 ipsas
1831 2316 1982 2369 Solis
1998 2316 2416 2380 Ephemerides

210 2387 285 2439 ad
305 2386 480 2439 nostri
499 2386 614 2439 loci
629 2387 1052 2449 Meridianum,
1075 2404 1254 2453 quem
1275 2389 1349 2440 ab
1371 2388 1578 2440 occasu
1592 2395 1737 2452 part.
1754 2388 1838 2440 36.
1856 2388 2006 2439 Min.
2022 2388 2106 2440 45.
2123 2390 2417 2439 remoueri

210 2457 619 2524 praesupponO,
640 2457 887 2512 directas
908 2461 1029 2520 esse,
1049 2460 1206 2512 vnde
1227 2460 1600 2512 Meridianus
1621 2459 1817 2519 vester,
1840 2459 2032 2523 qualis
2049 2458 2303 2511 Cassellis
2325 2458 2414 2517 est,

210 2545 396 2582 vnum
415 2532 683 2594 proxime
704 2530 1012 2584 Minutum
1028 2534 1092 2583 in
1106 2531 1258 2584 Solis
1278 2538 1445 2584 motu
1464 2531 1680 2595 vbique
1702 2530 1876 2582 addit.
1900 2530 2117 2582 Sumus
2139 2533 2300 2581 enim
2321 2529 2416 2581 hic

209 2601 375 2654 vobis
396 2601 558 2666 quafi
577 2617 682 2666 per
701 2602 891 2654 Horae
912 2605 1309 2667 quincuncem
1337 2603 1418 2667 (vt
1440 2602 1724 2665 existimo)
1754 2601 2176 2653 orientalioreS.
2198 2601 2416 2652 Addidi

167 2666 185 2685 ⁹
210 2687 448 2737 quoque
469 2671 907 2726 Refradtionum
926 2673 1252 2734 TabeHam,
1284 2689 1420 2738 quae
1446 2676 1510 2725 in
1537 2673 1672 2726 Sole
1700 2674 1775 2725 ad
1801 2672 2053 2737 fingulos
2074 2671 2416 2724 Altitudinis

211 2743 449 2796 Gradus
471 2747 905 2810 contingentem
922 2743 1370 2804 Refrac'tionem,
1393 2760 1512 2809 qua
1532 2744 1704 2797 altior
1724 2751 1984 2808 apparet,
2006 2758 2188 2807 quam
2207 2758 2418 2794 reuera

210 2815 300 2876 est,
320 2814 663 2876 manifestat,
684 2817 744 2868 id
764 2817 924 2881 quod
938 2816 1223 2871 hactenus
1239 2816 1628 2869 defideratum
1642 2815 1738 2875 est;
1760 2822 1820 2866 vt
1836 2814 1980 2867 Cels.
1997 2814 2062 2866 T.
2079 2830 2202 2866 non
2216 2814 2417 2865 saltem

208 2889 272 2938 in
300 2886 648 2939 Borealibus
676 2887 847 2953 lignis
876 2904 981 2953 per
1009 2888 1364 2954 applicatam
1391 2887 1704 2939 Altitudini
1732 2886 2054 2938 obseruatae
2081 2885 2417 2937 Parallaxin

210 2958 401 3022 (cuius
428 2960 606 3011 etiam
631 2962 1110 3012 numerationem
1136 2963 1199 3011 in
1226 2959 1411 3012 altera
1430 2957 1691 3018 Tabella‚
1719 2964 1892 3022 prout
1919 2957 2088 3008 nobis
2115 2959 2177 3008 in
2198 2956 2300 3008 vsu
2326 2955 2415 3012 est.

209 3029 285 3082 ad
312 3029 599 3093 triplicem
629 3029 780 3083 Solis
810 3047 847 3083 a
875 3030 1059 3084 Terra
1090 3033 1482 3083 remotionem
1514 3028 1809 3092 subiunxi)
1842 3028 2040 3080 locum
2075 3030 2416 3080 examinare

208 3101 391 3164 possit;
422 3100 517 3153 sed
547 3104 725 3153 etiam
750 3104 813 3154 in
839 3102 1313 3161 Australioribus‚
1346 3103 1621 3165 quamuis
1650 3097 2000 3151 Refractioni
2032 3100 2291 3151 euidenti
2318 3098 2415 3149 ob-

209 3173 419 3237 noxiJ‘S,
446 3171 602 3224 hanc
622 3172 807 3238 ipsam
828 3189 932 3238 per
950 3171 1166 3226 dictam
1185 3172 1493 3225 Tabellam
1512 3187 1867 3236 praecauere,
1895 3170 2085 3234 ficque
2107 3186 2210 3234 per
2229 3177 2416 3221 totum

210 3242 474 3303 Annum,
494 3243 815 3308 praesertim
836 3245 1078 3309 quando
1093 3243 1195 3297 Sol
1214 3247 1277 3295 in
1297 3245 1367 3309 ijs
1389 3243 1579 3307 Signis
1599 3250 1880 3301 moratur,
1904 3257 2038 3306 quae
2060 3242 2274 3293 diurno
2294 3240 2415 3304 spa—

209 3315 307 3374 tio,
329 3313 762 3379 aliquantulam
778 3315 1209 3368 Declinationis
1223 3316 1615 3367 variationem
1630 3314 1964 3366 admittunt:
1988 3313 2127 3364 Eius
2147 3311 2417 3363 curriculi

210 3391 429 3437 metam
457 3400 528 3437 ex
556 3386 1080 3439 Obseruationibus
1108 3386 1459 3438 Meridianis
1490 3400 1625 3436 curn
1655 3384 1846 3436 nostro
1879 3383 2105 3435 calculo
2136 3382 2416 3439 conferre,

1915 3454 2416 3519 comprobareque
