2748 4204
421 350 486 399 94
769 343 1370 395 EPISTOLARUM
1398 343 2227 395 ASTRONOMICARUM

420 487 763 550 capedinum
779 484 1100 540 Stellarum,
1120 498 1252 545 quae
1266 484 1572 533 inuariatae
1586 489 1943 545 permanent,
1962 485 2184 534 ratione
2200 483 2568 545 consentiant,

419 572 538 607 non
570 556 855 605 immerito
885 549 1163 615 suspectos
1193 551 1485 610 haberem,
1517 558 1698 603 totam
1729 567 1852 603 rem
1883 552 2061 615 paulo
2094 553 2265 604 altius
2295 553 2570 606 scrutatus

418 626 556 682 sum,
578 624 751 686 idque
767 638 837 672 ex
852 621 1352 672 Declinationibus
1369 622 1737 684 quarundam
1757 621 2067 673 affixarum
2081 621 2404 682 Stellarum,
2425 639 2570 687 quas

418 695 571 744 idem
591 692 936 743 Ptolemaeus
956 706 1077 753 cap.
1099 690 1147 742 3.
1169 690 1262 740 lib.
1284 692 1332 741 7.
1354 690 1678 754 Almageni‚
1700 706 1736 741 a
1754 690 2118 751 Timochare,
2139 692 2498 755 Hipparcho,
2519 693 2570 744 &

416 764 469 813 se
486 762 811 813 obseruatas
826 760 1089 819 recenset,
1106 759 1315 822 quibus
1329 759 1581 822 applicui
1596 760 1914 811 earundem
1925 761 2353 824 LongitudineS,
2369 763 2569 826 quales
2618 780 2639 813 5

416 831 644 895 singulis
673 831 784 880 illis
811 829 1165 892 temporibus
1195 845 1292 880 eas
1321 829 1579 879 obtinere
1612 829 2010 881 conueniebat.
2045 830 2180 892 Qua
2211 834 2385 882 etiam
2415 835 2476 883 in
2507 848 2569 884 re

416 902 775 952 Ptolemaicis
803 899 1121 950 interuallis
1151 914 1272 949 non
1303 899 1621 949 admodum
1653 899 1915 958 confisuS,
1947 900 2300 963 peculiarem
2330 901 2570 954 adhibui

416 973 759 1028 cautionem,
781 972 858 1019 ita
872 976 930 1019 vt
945 969 1173 1031 Spicam
1189 976 1253 1032 m)
1271 984 1376 1031 pro
1396 967 1776 1020 fundamento
1797 975 2137 1020 caeterarum
2157 970 2567 1022 constituerem.

416 1042 560 1091 Eam
581 1042 737 1090 enim
757 1042 962 1089 certius
983 1038 1360 1097 obseruatam,
1388 1053 1457 1088 eo
1484 1038 1640 1101 quod
1667 1041 1827 1090 iuxta
1845 1038 2333 1102 AEquinoc'tialem
2353 1042 2491 1101 esset‚
2517 1041 2569 1092 &

415 1113 552 1173 quia
580 1112 744 1160 toties
774 1125 809 1159 a
837 1108 1150 1158 Ptolemaeo
1180 1103 1200 1174 ΙΙ
1229 1111 1516 1170 repetitur,
1547 1109 1996 1160 consentaneum
2023 1110 2264 1161 videtur.
2299 1110 2568 1174 Cumque
2610 1118 2667 1161 66

415 1180 565 1230 hanc
591 1186 847 1242 tempore
873 1178 1106 1228 suarum
1127 1177 1612 1228 Obseruationum
1637 1178 1753 1242 ipse
1773 1180 1967 1230 asserat
1987 1179 2225 1231 dimidio
2245 1180 2426 1244 gradu
2444 1196 2568 1232 ver-

413 1250 503 1299 sus
518 1249 787 1299 Austrum
808 1248 1118 1306 declinasse,
1140 1263 1318 1310 quam
1337 1247 1730 1311 Tymochares
1751 1248 2125 1313 deprehendit
2143 1251 2297 1314 grad.
2319 1251 2355 1301 l.
2377 1251 2462 1301 M.
2483 1251 2566 1301 24.

415 1318 787 1382 Hipparchus
801 1333 939 1367 vero
952 1317 1229 1379 scrupulis
1243 1317 1440 1368 saltem
1454 1318 1537 1369 36.
1553 1317 1872 1381 AEquatore
1886 1319 2298 1378 Borealiorem‚
2317 1320 2568 1383 sequitur

412 1390 646 1439 assumta
665 1388 964 1450 vtrobique
979 1386 1164 1450 Spicae
1178 1387 1506 1438 Latitudine
1526 1388 1574 1438 2.
1595 1391 1847 1451 partium
1861 1388 2125 1448 Australi,
2146 1395 2317 1453 prout
2334 1405 2437 1453 per
2457 1390 2566 1441 Lu—

412 1474 550 1508 nam
578 1458 678 1508 illo
707 1464 964 1520 tempore
994 1456 1292 1520 explorata
1321 1457 1409 1516 est,
1440 1457 1491 1508 81
1521 1458 1708 1521 qualis
1736 1474 1893 1509 nunc
1922 1461 2096 1510 etiam
2123 1459 2242 1510 fere
2270 1462 2659 1523 reperitur‚†15

411 1528 562 1578 fuisse
589 1530 712 1577 eius
738 1527 1181 1590 Longitudinem
1207 1526 1559 1591 Tymochari
1585 1531 1646 1578 in
1671 1529 1824 1592 grad.
1845 1529 1917 1579 21.
1946 1529 2092 1580 Min.
2114 1529 2197 1581 53.
2224 1528 2566 1593 Hipparcho

412 1600 470 1647 in
491 1603 631 1660 part.
653 1597 735 1647 23.
759 1597 841 1647 Μ.
864 1596 947 1648 53.
975 1596 1290 1647 Ptolemaeo
1310 1600 1371 1647 in
1390 1603 1533 1660 part.
1554 1598 1637 1649 26.
1660 1598 1744 1649 M.
1766 1598 1848 1650 38.
1870 1598 2008 1662 figni
2029 1606 2111 1663 1η),
2135 1599 2383 1662 ideoque
2403 1615 2439 1650 a
2457 1598 2566 1664 Ty-

410 1667 682 1718 mochare
709 1667 783 1717 ad
810 1666 1218 1730 Hipparchum
1237 1667 1285 1717 2.
1307 1667 1593 1731 gradibuS,
1620 1668 1693 1719 ab
1720 1667 2063 1732 Hipparcho
2089 1669 2163 1720 ad
2188 1669 2566 1720 Ptolemaeum

409 1743 549 1799 part.
577 1737 654 1789 Ζῗ.
680 1736 1133 1799 promouebatur
1163 1743 1288 1787 tum
1325 1737 1452 1788 haec
1488 1744 1613 1788 tum
1644 1745 1868 1789 caeterae
1900 1753 2104 1789 omnes
2135 1738 2328 1790 affixae
2358 1738 2564 1790 Stellae.

410 1806 606 1868 Quare
636 1806 1051 1870 praesuppofitis
1080 1806 1171 1857 his
1200 1806 1384 1869 Spicae
1413 1807 1570 1867 lociS‚
1601 1808 1851 1860 aliarum
1880 1809 2249 1872 quarundam
2274 1809 2564 1868 Fixarum‚

409 1892 658 1939 quarum
678 1876 1111 1927 Declinationes
1134 1892 1204 1927 ex
1223 1877 1512 1928 veteribus
1532 1878 1877 1938 constabant,
1902 1878 2314 1942 Longitudines
2334 1879 2407 1930 ad
2426 1885 2564 1930 tem-

408 1962 515 2009 pus
531 1946 1015 1997 obseruationum
1034 1947 1350 1998 authorum
1371 1948 1706 2007 eorundem,
1726 1948 1989 2000 videlicet
2002 1947 2397 2013 TymochariS,
2419 1949 2564 2012 Hip-

408 2015 606 2080 parchi
630 2016 681 2066 &
706 2016 1001 2067 Ptolemaei
1028 2017 1295 2081 applicui,
1328 2017 1503 2081 idque
1530 2033 1600 2070 ea
1624 2018 1764 2082 lege,
1790 2024 1849 2068 vt
1875 2025 2157 2081 quantam
2182 2018 2565 2070 differentiam

407 2093 539 2137 ante
551 2086 643 2137 vel
656 2093 822 2145 retr0,
838 2102 954 2150 quo
966 2086 1040 2138 ad
1052 2087 1426 2138 interuallum
1436 2088 1836 2152 Longitudinis
1847 2090 1883 2139 a
1893 2088 2063 2152 Spica
2073 2088 2272 2139 nostris
2285 2087 2564 2140 Obserua-

406 2157 658 2207 tionibus
683 2172 838 2207 nunc
866 2157 1122 2208 obtinere
1143 2156 1670 2221 deprehenduntur,
1696 2158 2038 2209 tantundem
2059 2161 2233 2210 etiam
2252 2161 2314 2209 in
2333 2157 2562 2222 elonga-

406 2229 560 2277 tione
582 2242 617 2277 a
637 2227 821 2290 Spicae
850 2227 978 2277 loco
1005 2242 1209 2278 eorum
1233 2231 1479 2291 tempori
1505 2231 1889 2279 conueniente
1916 2228 2316 2288 constituerim,
2342 2234 2401 2278 vt
2425 2243 2564 2279 vera

406 2296 713 2347 Stellarum
725 2297 1047 2360 Longitudo
1059 2295 1311 2361 respectu
1322 2298 1498 2348 huius
1509 2298 1699 2350 Stellae
1712 2298 2100 2358 innotesceret,
2116 2296 2371 2363 neglec'ta
2382 2297 2561 2349 Ptole-

405 2368 594 2417 maica
618 2370 1011 2426 annotatione,
1039 2383 1171 2430 quae
1198 2370 1385 2419 rarius
1405 2369 1676 2420 omnibus
1695 2371 1953 2419 numeris
1973 2367 2231 2420 absoluta
2251 2370 2560 2419 inuenitur.

406 2436 614 2499 Neque
645 2439 800 2487 enim
828 2437 1076 2500 possibile
1106 2437 1195 2497 est,
1225 2438 1638 2502 Longitudines
1664 2439 1939 2489 Fixarum
1966 2441 2028 2489 in
2053 2454 2170 2490 vna
2195 2437 2371 2489 Stella
2398 2437 2562 2489 aliter

401 2508 643 2565 variare,
672 2522 849 2569 quam
869 2510 930 2557 in
950 2507 1146 2567 altera,
1174 2523 1307 2558 cum
1327 2524 1531 2559 omnes
1551 2511 1612 2559 in
1631 2524 1748 2559 vno
1769 2508 1872 2558 fint
1892 2508 2046 2568 orbe,
2068 2507 2119 2559 81
2139 2510 2289 2558 circa
2306 2522 2489 2558 vnum
2510 2507 2560 2558 &

403 2576 653 2626 eundem
673 2576 879 2627 Polum
898 2577 1258 2628 vniformiter
1283 2585 1648 2630 moueantur.
1669 2579 1835 2629 Vnde
1863 2578 2090 2629 easdem
2114 2577 2266 2629 fuisse
2292 2580 2558 2641 tempori-

401 2646 508 2696 bus
528 2646 825 2697 Ptolemaei
851 2646 1202 2698 differentias
1223 2649 1678 2712 Longitudinum
1698 2651 1759 2699 in
1780 2647 2051 2699 omnibus
2070 2647 2275 2706 stellis,
2303 2662 2436 2711 quae
2462 2649 2559 2698 eti-

401 2731 642 2766 amnum
662 2718 1056 2777 inueniuntur,
1078 2719 1448 2769 necessarium
1469 2721 1588 2770 erit.
1610 2718 1765 2770 Cum
1785 2721 1979 2781 itaque
1993 2717 2103 2769 hac
2117 2719 2339 2768 ratione
2354 2717 2558 2781 Longi-

401 2786 627 2836 tudines
643 2785 949 2837 Stellarum
964 2787 1323 2851 adaptassem,
1344 2787 1496 2848 hinc,
1513 2788 1563 2839 &
1578 2804 1649 2840 ex
1663 2788 2180 2847 DeclinationibuS,
2202 2801 2347 2850 quas
2367 2802 2558 2838 recen-

402 2854 477 2905 set
498 2855 843 2906 Ptolemaeus
869 2859 1039 2907 citato
1066 2860 1266 2920 capite,
1293 2858 1552 2910 adhibita
1577 2858 1973 2922 obliquatione
1996 2856 2260 2921 Signiferi
2285 2859 2557 2914 maxima,

402 2940 534 2986 quae
556 2940 759 2976 eorum
778 2926 934 2977 AEuo
955 2926 1059 2977 fuit
1079 2934 1220 2990 part.
1237 2928 1319 2979 23.
1342 2928 1426 2979 M.
1443 2930 1543 2982 5123.
1566 2928 1885 2979 earundem
1905 2929 2081 2979 etiam
2099 2924 2455 2978 Latitudines
2474 2928 2557 2976 in-

403 2994 623 3056 quifiui,
645 2996 801 3058 quod
821 3011 942 3046 non
963 2996 1265 3048 difficulter
1285 2997 1411 3049 fieri
1429 3001 1628 3062 potuit.
1651 2997 1948 3061 Siquidem
1963 3013 2033 3048 ex
2047 2997 2182 3048 data
2196 2994 2386 3048 steuae
2401 2994 2557 3047 diffe-

403 3067 586 3114 rentia
597 3065 996 3128 Longitudinis
1010 3082 1046 3117 a
1059 3070 1325 3130 proximo
1337 3067 1584 3132 Tropico
1596 3083 1745 3119 vnus
1755 3067 2054 3131 Trianguli
2069 3066 2280 3118 constat
2293 3065 2557 3129 angulus,

403 3136 566 3183 cuius
593 3134 709 3184 duo
736 3137 910 3185 etiam
939 3135 1119 3186 latera
1145 3137 1370 3196 dantur,
1400 3153 1583 3189 vnum
1609 3153 1645 3189 a
1671 3136 2095 3200 complemento
2121 3135 2557 3194 DeclinationiS‚

401 3202 494 3253 vel
519 3203 911 3255 additamento
938 3206 1011 3256 ad
1038 3205 1455 3267 Quadrantem,
1482 3213 1653 3271 prout
1678 3209 1974 3271 negotium
2000 3208 2186 3270 exigit,
2213 3205 2461 3257 alterum
2487 3219 2558 3255 ex

402 3271 725 3324 differentia
744 3274 1018 3325 Polorum
1033 3275 1321 3339 Eclipticae
1343 3277 1393 3327 &
1412 3277 1763 3341 AEquatoriS,
1786 3291 1920 3340 ergo
1939 3278 2170 3327 tertium
2189 3291 2291 3339 per
2310 3274 2557 3338 Sphaeri·

402 3357 603 3392 corum
631 3342 1080 3407 Triangulorum
1109 3344 1260 3409 leges
1289 3346 1454 3397 facile
1484 3346 1795 3405 innotescit,
1828 3361 1930 3409 per
1958 3345 2114 3409 quod
2142 3345 2262 3409 ipsa
2290 3343 2557 3465 Latittffio

2324 3429 2456 3477 quae
2522 3428 2558 3464 a

2614 1822 2659 1857 20

2612 2172 2657 2206 25

2607 3219 2652 3253 40
