2748 4204
1027 303 1274 354 LIBER
1302 303 1624 356 PRIMUS
2337 307 2428 358 179

227 446 557 500 Reinholdo
584 445 854 510 colligere
880 444 1056 495 licuit.
1079 444 1303 495 Verum
1330 460 1465 496 cum
1492 446 2020 498 animaduertissem
2045 447 2234 498 subtili
2261 447 2313 498 &
2336 464 2426 499 ac-

228 525 429 571 curata
462 517 903 575 obseruatione,
939 515 1258 579 praesertim
1290 516 1471 567 Anno
1504 516 1589 568 82.
1623 516 1840 577 habita,
1875 518 2133 570 Martem
2164 519 2427 584 Acrony-

227 590 406 642 chum
422 588 617 640 Terris
636 589 974 652 propiorem
994 585 1122 638 fieri
1142 586 1263 650 ipso
1285 586 1437 647 Sole,
1461 586 1512 638 &
1533 588 1607 639 ob
1628 588 1687 639 id
1707 588 2092 641 Ptolemaicas
2113 590 2214 641 diu
2234 605 2427 654 recep-

150 667 179 710 ·1·
226 669 314 713 tas
328 658 699 725 Hypotheses
713 657 972 709 constare
985 673 1111 708 non
1123 658 1296 721 posse:
1316 657 1596 709 Cometas
1610 658 1843 723 insuper
1858 660 2080 711 caelitus
2096 660 2427 725 conspectos

156 751 179 785 5
227 732 355 784 &in
368 731 520 784 Solis
540 729 802 795 oppofito
815 728 1125 789 versanteS‚
1146 731 1334 780 motui
1348 728 1548 780 Terrae
1569 745 1773 781 annuo
1794 746 1917 781 non
1937 731 2099 783 reddi
2121 732 2426 793 obnoxiOS‚

227 805 502 868 quamuis
522 801 685 853 haud
703 803 766 852 in
785 806 1016 852 tantum
1036 799 1254 860 distent,
1275 806 1335 851 vt
1354 800 1530 864 plane
1551 803 1600 851 is
1622 801 1945 861 euanescat,
1967 802 2105 854 ficut
2118 806 2180 854 in
2194 804 2350 855 Fixis
2364 803 2428 855 fit

227 874 545 927 Sideribus:
578 872 1024 937 Copernianam
1050 886 1289 935 quoque
1318 872 1721 923 assumtionem
1747 874 1810 923 in
1835 879 2002 924 motu
2027 873 2225 925 Terrae
2253 875 2425 926 colla-

225 945 478 1004 bascere;
509 944 653 995 Non
681 942 926 994 restabat
954 941 1073 994 alia
1101 944 1201 993 via
1228 942 1496 994 saluandi
1525 943 1920 1006 Apparentias
1951 944 2215 1004 caelesteS,
2247 961 2427 1009 quam

227 1015 495 1080 haecipsa,
526 1030 661 1080 quae
688 1029 878 1078 nuper
903 1029 940 1065 a
965 1029 1060 1065 me
1087 1013 1346 1078 generali
1372 1013 1729 1065 indicatione
1757 1014 1988 1078 prolata
2017 1015 2106 1066 est.
2141 1016 2200 1068 Si
2230 1019 2426 1080 itaque

138 1105 179 1140 ιο
226 1088 327 1140 ista
357 1088 476 1139 duo
506 1085 982 1139 demonstrauero
1011 1087 1093 1136 ita
1123 1084 1179 1136 se
1211 1084 1447 1145 habere,
1480 1087 1681 1148 vtique
1713 1101 1822 1136 1166
1851 1086 2286 1147 Ptolemaicam,
2320 1103 2427 1138 nec

228 1159 671 1224 Copernianam
692 1156 1062 1222 Hypothefin
1087 1158 1173 1208 rei
1192 1158 1423 1208 veritati
1450 1171 1787 1221 congruere,
1814 1156 1909 1208 sed
1935 1157 2119 1209 solam
2144 1158 2298 1209 hanc
2325 1174 2426 1210 no-

226 1230 413 1291 stram,
440 1228 789 1281 sufficienter
816 1227 1264 1292 comprobatum
1291 1230 1414 1288 erit,
1440 1234 1500 1279 vt
1521 1228 1592 1279 de
1612 1227 1812 1279 multis
1832 1228 1979 1293 alijs‚
2008 1244 2142 1292 quae
2169 1228 2286 1280 huc
2306 1245 2428 1281 non

226 1316 438 1366 parum
457 1300 691 1361 faciant,
711 1315 871 1351 nunc
891 1314 1015 1350 non
1035 1299 1245 1350 dicam.
1268 1299 1481 1363 Neque
1504 1301 1664 1350 enim
1677 1298 1937 1351 hocloco
1952 1299 2175 1364 fingula
2190 1300 2241 1351 &
2255 1304 2426 1364 parti-

227 1373 450 1425 cularia
475 1371 689 1424 referre
716 1370 1098 1422 commodum
1118 1370 1363 1422 videtur.
1392 1370 1660 1422 Mirabar
1679 1370 1851 1422 valde
1878 1371 1951 1423 ab
1978 1373 2161 1431 initio,
2190 1387 2324 1423 cum
2349 1371 2426 1423 le—

138 1461 178 1495 15
225 1459 422 1510 gerem
441 1445 504 1495 111
520 1445 635 1495 tuis
651 1442 848 1502 literiS‚
870 1442 1237 1493 Illustrissimo
1251 1442 1505 1506 Principi
1519 1441 1689 1494 hasce
1703 1457 1868 1494 meas
1883 1442 2253 1507 Hypotheses
2267 1446 2428 1508 prius

226 1518 486 1580 cognitas
505 1514 678 1574 fuisse,
698 1520 895 1578 vtpote
917 1515 1019 1578 qui
1040 1528 1140 1565 eas
1161 1515 1224 1564 111
1243 1513 1565 1565 Automate
1587 1514 1848 1577 quodam
1869 1515 2151 1578 expressas
2170 1514 2426 1566 haberet.

225 1587 438 1651 Neque
467 1586 600 1638 satis
629 1588 881 1650 cogitare
910 1587 1092 1649 potui,
1124 1587 1227 1649 qui
1256 1585 1316 1636 id
1344 1583 1473 1636 fieri
1502 1586 1690 1649 posset,
1721 1584 2003 1649 fiquidem
2033 1588 2251 1650 optime
2280 1586 2428 1637 mihi

226 1658 486 1710 conscius
508 1658 690 1718 essem,
711 1672 807 1708 me
828 1672 866 1708 a
884 1656 1052 1708 nullo
1072 1656 1413 1708 mortalium
1434 1655 1543 1708 has
1564 1657 1904 1721 cognouisse,
1928 1657 2268 1721 pri-usquam
2287 1657 2426 1721 ipse-

225 1736 343 1782 met
370 1745 443 1781 ex
471 1728 994 1782 obseruationibus
1022 1743 1093 1779 60
1119 1727 1498 1792 perducebat,
1530 1728 1808 1792 quodque
1838 1730 2062 1779 interea
2087 1743 2321 1780 mecum
2346 1728 2426 1780 la-

133 1816 177 1850 20
224 1803 440 1853 tuerint
459 1806 635 1852 antea
654 1815 779 1851 non
797 1799 1127 1864 publicatae.
1143 1799 1368 1851 Verum
1386 1799 1693 1863 postquam
1705 1799 1937 1851 libellus
1951 1799 2108 1851 istius
2122 1799 2245 1850 Vrfi
2260 1799 2426 1851 Dith-

150 1875 178 1918 1
225 1872 467 1933 marfici,
489 1887 667 1937 quem
688 1871 1012 1936 aliquando
1031 1874 1095 1922 in
1116 1870 1464 1935 quibusdam
1485 1870 1560 1922 ad
1580 1886 1675 1922 me
1691 1870 1838 1922 datis
1852 1870 2032 1922 literis
2047 1871 2222 1935 digno
2238 1870 2427 1936 elogio

226 1943 454 2004 ornasti,
475 1946 777 2008 impurum
798 1942 1106 2007 appellans
1127 1942 1523 2003 Nebulonem,
1548 1941 1696 1993 mihi
1714 1942 2062 1994 transmissus
2083 1943 2208 1993 esset
2229 1942 2427 2006 (idque

120 2022 201 2066 150
226 2031 263 2068 3
282 2014 615 2068 Doc’tissimo
636 2009 657 2083 ΙΙ
676 2017 804 2066 viro
829 2014 903 2066 D.
926 2013 1292 2067 GEORGIO
1316 2013 1904 2066 ROLLENHAGIO
1926 2013 2312 2078 Magdeburgi
2333 2014 2426 2065 de-

225 2089 396 2153 genti,
427 2089 529 2151 qui
556 2088 734 2138 etiam
760 2085 987 2138 dudum
1013 2092 1190 2138 antea
1215 2085 1517 2146 indicarat,
1548 2085 1657 2137 has
1684 2085 1905 2136 nostras
1932 2084 2302 2150 Hypotheses
2328 2084 2428 2136 fibi

133 2173 178 2207 25
226 2164 362 2211 ante
389 2158 698 2210 biennium
726 2173 762 2209 a
792 2157 1054 2222 quodam
1083 2173 1219 2209 meo
1248 2156 1495 2222 fugitiuo
1524 2156 1783 2208 ministro
1814 2159 2277 2208 communicatas
2307 2157 2425 2208 esse.

226 2230 484 2294 Ideoque
515 2229 699 2281 sciens
730 2245 767 2281 a
795 2244 892 2280 me
923 2232 1182 2294 primum
1214 2231 1507 2289 inuentaS‚
1541 2228 1858 2292 dolensque
1887 2228 2098 2279 Vrsum
2129 2227 2296 2279 istum
2327 2227 2427 2279 fibi

225 2303 518 2353 immerito
540 2316 640 2353 eas
660 2300 991 2361 attribuere,
1012 2300 1229 2353 librum
1250 2299 1419 2352 illum
1439 2299 1587 2351 mihi
1606 2299 1965 2351 innotescere
1986 2299 2187 2357 voluit,
2208 2305 2268 2350 vt
2288 2299 2425 2350 Fur-

224 2379 350 2424 tum
363 2371 509 2424 illud
523 2371 945 2437 cognoscerem,
962 2372 1014 2424 &
1028 2371 1103 2424 ab
1115 2371 1246 2437 alijs
1258 2371 1415 2423 foras
1428 2371 1731 2423 eliminata
1741 2370 1889 2422 mihi
1901 2371 2098 2422 denuo
2110 2371 2425 2422 assererem.

226 2444 313 2496 Ex
331 2443 433 2495 isto
452 2443 585 2496 satis
605 2443 885 2508 perspexi,
906 2444 1060 2495 vnde
1078 2443 1208 2495 haec
1223 2443 1299 2495 ad
1313 2459 1420 2495 vos
1434 2445 1768 2507 peruenerit
1784 2441 2246 2494 Reuolutionum
2260 2441 2425 2492 63616-

130 2528 176 2564 30
222 2515 391 2567 stium
404 2515 715 2575 ordinatio,
736 2514 1020 2579 Equidem
1034 2515 1131 2567 iste
1146 2515 1471 2580 Plagiarius
1486 2514 1713 2574 referat,
1733 2513 1788 2565 se
1804 2520 1939 2564 ante
1954 2515 2272 2564 triennium
2286 2512 2422 2571 fere,

221 2586 527 2651 postquam
552 2586 707 2638 hanc
733 2589 795 2638 in
822 2586 1041 2651 angulo
1063 2586 1325 2651 quodam
1346 2587 1528 2650 Regni
1548 2585 1812 2637 Poloniae
1835 2585 2207 2649 excogitasset,
2237 2583 2423 2647 (intel-

221 2658 332 2723 lige
359 2660 553 2722 potius
579 2660 642 2709 111
669 2657 864 2710 Insula
890 2658 1072 2723 Regni
1099 2658 1316 2710 Daniae
1344 2658 1584 2717 Huena,
1613 2656 1853 2721 quando
1880 2657 2060 2707 Anno
2086 2655 2170 2707 84.
2197 2658 2260 2706 111
2286 2654 2422 2719 Sep-

147 2730 174 2774 1
221 2729 429 2781 tembri
449 2745 585 2781 cum
605 2729 969 2781 Nobilissimo
987 2730 1039 2781 &
1058 2727 1391 2782 Doctissimo
1412 2731 1539 2780 viro
1560 2728 1634 2779 D.
1657 2727 1892 2779 ERICO
1916 2726 2210 2786 LANGE‚
2232 2729 2422 2777 amico

221 2815 356 2852 meo
376 2800 666 2866 singulari,
689 2804 784 2852 cui
804 2808 942 2853 tunc
963 2801 1330 2859 inseruiebat,
1351 2800 1448 2851 hic
1469 2799 1741 2858 adfuisset,
1763 2798 1922 2862 apud
1940 2813 2036 2849 me
2052 2797 2203 2849 clam
2219 2813 2421 2861 excep-

129 2886 174 2921 35
221 2877 325 2932 taS,
346 2878 406 2923 vt
426 2871 703 2936 quaedam
718 2875 896 2924 etiam
911 2872 1053 2936 alia)
1075 2872 1441 2924 Illustrissimo
1456 2871 1709 2935 Principi
1723 2870 1938 2921 Hassiae
1954 2869 2224 2928 obtulisse,
2247 2877 2422 2932 atque

221 2943 294 2995 ab
314 2942 489 3008 ipfius
511 2943 699 2996 Celfit.
722 2943 964 2995 Artifice
985 2943 1135 2995 Iusto
1157 2944 1370 3009 Byrgio
1390 2945 1453 2994 in
1475 2941 1910 2994 Orichalcicum
1926 2941 2316 2992 Automatum
2337 2955 2421 2990 re-

221 3012 417 3067 <iactas
445 3015 564 3066 esse.
593 3014 707 3067 Sed
732 3015 865 3067 satis
890 3016 1084 3080 prodit
1104 3015 1349 3066 Furtum
1375 3014 1546 3065 suurn
1565 3013 1661 3065 iste
1682 3012 1972 3076 impostor,
1999 3027 2235 3075 vnaque
2261 3014 2421 3075 igno-

220 3088 474 3138 rantiam
488 3089 588 3146 rei,
604 3101 787 3151 quam
799 3087 1076 3138 venditat.
1093 3086 1258 3138 Dum
1273 3088 1433 3137 enim
1448 3085 1650 3137 orbem
1666 3084 1877 3135 Martis
1890 3082 2142 3134 totaliter
2157 3082 2422 3134 Solarem

221 3156 579 3209 ambientem
607 3157 879 3218 delineat,
913 3160 1175 3210 imitatur
1206 3157 1412 3209 falsam
1445 3155 1748 3221 quandam
1781 3154 2253 3219 designationem,
2288 3168 2421 3217 quae

128 3242 173 3277 ⁴0
220 3227 428 3289 nesci0‚
459 3244 579 3293 qua
606 3231 837 3281 incuria
862 3229 959 3281 hic
985 3232 1067 3280 ita
1093 3227 1320 3293 depicta
1347 3234 1485 3287 erat,
1517 3234 1693 3291 atque
1721 3227 1795 3278 ob
1822 3227 1881 3278 id
1910 3232 2196 3289 tanquam
2224 3227 2422 3287 inepta

220 3298 435 3351 alicubi
454 3302 605 3352 inter
624 3299 857 3352 chartas
876 3316 1042 3353 meas
1062 3298 1335 3364 proiecta,
1358 3314 1540 3363 quam
1555 3301 1880 3350 etiamnum
1895 3297 1969 3348 ad
1984 3311 2197 3348 manus
2211 3294 2419 3353 habe0,

221 3370 431 3422 eodem
455 3374 699 3423 nomine
725 3371 1076 3436 requisitam,
1103 3378 1163 3422 vt
1190 3377 1347 3422 certo
1373 3370 1623 3434 idipsum
1648 3375 1885 3434 pateret.
1914 3368 2187 3431 Cumque
2214 3369 2420 3486 νίῑίὶιιηέ

361 3452 430 3488 23*
2278 3453 2296 3486 1
2342 3451 2381 3486 u
