2748 4204
1001 278 1247 329 LIBER
1274 278 1597 332 PRIMUS
2307 281 2403 336 133

201 428 435 477 initium
455 425 659 487 capitis
682 419 894 480 oelaui,
921 435 1147 471 nouam
1167 436 1204 472 a
1223 435 1319 471 me
1340 424 1565 473 nonita
1586 422 1811 475 dudum
1831 423 2217 478 adinuentam
2238 427 2402 479 caele-

200 497 369 548 stium
395 494 859 547 Reuolutionum
885 489 1272 557 Hypothefin,
1305 507 1486 555 quam
1513 497 1695 545 veteri
1722 494 1826 546 illa
1851 495 2208 549 Ptolemaica
2238 497 2289 549 &
2318 515 2402 550 re-

201 570 457 619 centiore
479 565 848 629 Copernicea
867 562 1085 614 multas
1106 562 1181 614 ob
1203 562 1406 614 causas
1425 567 1717 616 veriorem
1738 567 1841 618 esse
1862 582 1985 618 non
2005 567 2223 630 dubito,
2247 585 2402 622 eam-

201 654 315 703 que
342 637 701 702 apparentijs
727 637 994 699 apprime
1022 633 1479 686 consentaneam
1505 635 1899 699 deprehendo
1924 638 2074 690 Tute
2102 640 2404 706 diligenter

130 729 152 763 5
201 711 404 762 omnia
423 711 486 760 in
505 707 617 759 hac
638 705 1074 770 circumspicit0‚
1096 704 1364 770 nihilque
1381 709 1743 767 concinnius,
1766 715 1868 760 aut
1881 712 2109 762 veritati
2124 716 2402 764 conueni-

201 783 391 833 entius
417 778 632 831 adferri
657 778 824 842 posse,
851 792 976 828 non
1002 775 1236 841 ambigo
1265 779 1410 840 quin
1429 777 1580 829 vltro
1608 780 1968 832 concessurus
1992 780 2077 833 fis.
2106 782 2404 847 Cuperem

200 854 392 911 etiam,
414 857 474 902 vt
494 865 628 902 eam
649 848 907 900 Illustriss.
923 847 1178 912 Principi
1197 854 1301 899 tuo
1323 863 1665 912 exponereS,
1688 850 1925 914 eiusque
1942 852 2008 904 C.
2032 853 2102 904 de
2123 852 2235 905 hac
2255 856 2401 907 iudi-

200 925 357 975 cium
375 920 524 973 mihi
544 919 911 986 significares.
941 918 1227 971 Constitui
1246 919 1417 983 super
1436 919 1608 981 hanc,
1637 922 2112 975 emendationem
2131 932 2402 977 motuum

199 993 512 1046 caelestium
531 992 798 1051 fundare,
823 990 1014 1055 licque
1034 996 1220 1042 totam
1239 991 1447 1042 Artem
1466 991 1937 1045 Astronomicam
1958 1010 1988 1045 e
2011 998 2177 1047 certis
2199 996 2401 1049 Obser-

110 1083 152 1118 ιο
199 1065 555 1124 uationibuS‚
596 1062 759 1128 quafi
796 1062 872 1114 ad
908 1064 1103 1126 prima
1133 1061 1498 1114 incunabula
1530 1078 1828 1124 reuocare,
1868 1065 2400 1132 redintegrareque;

198 1136 378 1188 modo
399 1136 643 1187 Numen
663 1135 936 1186 diuinum
958 1133 1264 1186 conatibus
1289 1133 1494 1185 nostris
1521 1134 1879 1198 aspirauerit,
1908 1135 1960 1187 &
1985 1140 2138 1189 vires
2158 1153 2226 1190 ac
2247 1155 2401 1191 com-

197 1208 541 1260 moditatem
559 1212 723 1258 tanto
742 1205 932 1257 labori
950 1205 1299 1269 exequendo
1313 1205 1704 1270 suppeditarit.
1727 1206 2007 1259 Recensui
2022 1211 2198 1261 etiam
2212 1212 2274 1261 in
2288 1210 2401 1262 hoc

198 1279 363 1339 libro,
391 1278 740 1330 Illustrissimi
766 1279 852 1328 tui
871 1277 1156 1341 Principis
1176 1276 1249 1328 de
1271 1276 1481 1328 eodem
1502 1277 1753 1330 Cometa
1774 1278 2228 1332 Obseruationes
2254 1281 2401 1334 mihi

197 1350 554 1410 transmissaS,
583 1349 794 1413 easque
814 1347 917 1400 sub
936 1349 1215 1400 incudem
1234 1364 1623 1400 numerorum
1644 1349 1947 1415 diligenter
1966 1355 2265 1413 reuocaui,
2290 1353 2342 1404 &
2365 1370 2401 1406 a

110 1440 150 1475 15
197 1424 344 1474 meis
365 1422 628 1473 Inuentis
648 1436 772 1472 non
792 1419 1118 1472 admodum
1139 1419 1520 1472 dissentaneas
1541 1420 1847 1473 adinueni:
1871 1422 2083 1486 Neque
2105 1426 2263 1475 enim
2282 1424 2401 1476 vlla

196 1492 584 1558 perceptibilis
604 1492 929 1544 Parallaxis
948 1491 1105 1543 istius
1127 1491 1395 1543 Cometae
1416 1492 1552 1543 inde
1574 1492 1766 1558 colligi
1785 1494 1978 1558 potest,
2000 1494 2095 1546 sed
2116 1499 2319 1547 omnia
2338 1499 2401 1548 in

197 1567 558 1617 contrarium
582 1566 777 1628 potius
804 1563 1145 1625 deueniunt‚
1172 1570 1233 1615 vt
1260 1579 1332 1615 ex
1357 1563 1478 1628 ipso
1504 1563 1710 1628 scripto
1730 1565 1928 1617 videre
1952 1565 2100 1618 licet.
2127 1566 2310 1631 Spero
2331 1567 2399 1619 Il-

196 1636 512 1688 lustrissimo
538 1636 792 1700 Principi
820 1641 923 1687 tuo
952 1634 1108 1687 hanc
1134 1634 1374 1687 suarum
1399 1638 1462 1686 in
1489 1635 1740 1688 Cometa
1766 1636 1879 1688 hoc
1907 1637 2400 1691 obseruationum

197 1707 654 1773 euulgationem,
669 1712 1126 1771 accuratamque
1139 1706 1663 1773 considerationem
1676 1723 1802 1759 non
1814 1707 2074 1760 futuram
2089 1712 2399 1775 ingratam;

105 1796 150 1831 20
197 1779 480 1844 siquidem
499 1779 575 1831 ad
595 1781 680 1830 rei
700 1778 1071 1843 inquirendae
1091 1781 1398 1831 veritatem
1419 1778 1890 1832 confirmandam
1915 1780 2238 1844 plurimum
2265 1797 2399 1833 con-

197 1851 384 1903 ducat.
415 1850 876 1915 Quamprimum
901 1850 1113 1914 reliqui
1137 1850 1257 1902 duo
1277 1849 1452 1902 Tomi
1478 1850 1723 1902 absoluti
1749 1850 1980 1912 fuerint,
2008 1851 2189 1917 ijsque
2209 1851 2399 1918 Typo-

195 1922 453 1987 graphus
480 1929 805 1974 extremam
829 1937 1081 1974 manum
1106 1921 1461 1987 imposuerit,
1488 1928 1543 1974 te
1571 1938 1776 1974 eorum
1807 1925 1983 1975 etiam
2009 1924 2252 1976 reddam
2271 1940 2399 1988 par-

121 1997 148 2041 †
196 1996 445 2058 ticipem.
467 1994 651 2045 Hunc
672 1995 849 2045 etiam
862 1993 1239 2059 praesentium
1255 1993 1660 2054 exhibitorem,
1684 1994 2042 2059 GELLIVM
2058 1995 2398 2047 SASCERI-

196 2065 375 2117 DEM
413 2068 673 2125 nomine,
714 2068 816 2129 qui
851 2068 1024 2117 annis
1057 2065 1300 2130 aliquot,
1340 2072 1467 2117 tum
1498 2068 1561 2117 in
1592 2065 2027 2126 AstronomiciS,
2065 2073 2192 2118 tum
2224 2070 2400 2119 etiam

104 2153 148 2187 25
196 2137 598 2202 Pyronomicis
625 2139 913 2202 exercitijs
941 2139 1235 2202 egregiam
1261 2137 1420 2201 apud
1446 2153 1542 2188 me
1569 2140 1818 2189 nauauit
1843 2153 2102 2203 operam,
2130 2138 2274 2190 velis
2297 2145 2399 2190 tuo

196 2208 560 2260 Illustrissimo
580 2209 834 2273 Principi
855 2209 1295 2261 commendare:
1324 2211 1420 2261 cui
1441 2211 1618 2260 etiam
1641 2211 1919 2273 priuatim
1940 2209 2215 2274 quaedam
2235 2210 2398 2275 figni-

194 2279 387 2340 ficaui,
426 2279 529 2332 tibi
562 2280 931 2345 exponenda,
964 2287 1024 2332 vt
1057 2296 1128 2332 ea
1161 2281 1236 2332 ad
1269 2280 1702 2332 Illustrissimum
1732 2281 2062 2345 Principem
2094 2287 2262 2333 tuum
2296 2297 2399 2345 per

196 2351 559 2403 occasionem
578 2351 814 2411 referaS,
836 2352 996 2416 quod
1015 2359 1075 2403 vt
1096 2352 1400 2417 diligenter
1421 2355 1748 2416 exequariS‚
1770 2359 1824 2403 te
1841 2355 2017 2404 etiam
2031 2359 2206 2416 atque
2223 2355 2399 2404 etiam

194 2430 463 2488 rogatum
489 2422 699 2476 habeo.
729 2424 1126 2487 Sperabamus
1149 2439 1259 2475 nos
1280 2430 1471 2483 antea,
1493 2423 1534 2474 fi
1553 2423 1912 2475 successissent
1933 2424 2190 2476 Comitia
2211 2424 2397 2476 Ham-

104 2509 150 2543 30
196 2494 516 2560 burgenfia,
538 2510 732 2559 neque
752 2502 950 2547 tantus
964 2495 1172 2547 nostrae
1187 2498 1392 2559 patriae
1407 2493 1596 2547 luctus
1613 2493 1786 2559 (proh
1800 2494 1989 2558 dolor)
2006 2510 2078 2546 ex
2092 2497 2398 2558 inopinato

121 2567 149 2611 '1‘
196 2566 482 2627 incidisset‚
492 2566 925 2618 Illustrissimum
935 2567 1265 2631 Principem
1275 2574 1445 2618 tuum
1454 2565 1871 2630 Hamburgum
1879 2572 2210 2617 venturum.
2222 2566 2398 2628 Quod

196 2636 237 2688 fi
251 2639 572 2703 contigisset‚
588 2638 726 2689 istuc
741 2638 1138 2690 conueniendi
1153 2641 1280 2689 eius
1294 2637 1711 2690 Celfitudinem
1724 2639 1909 2702 gratia
1918 2653 2014 2689 me
2027 2637 2397 2696 contulissem,

87 2715 166 2758 105
196 2707 237 2759 fi
261 2704 552 2777 pro-{lpius
578 2709 695 2761 huc
716 2726 840 2761 non
860 2710 1165 2769 accessisset‚
1194 2725 1312 2773 quo
1334 2709 1405 2760 de
1426 2708 1845 2759 Astronomicis
1866 2709 2038 2760 rebus
2060 2724 2259 2759 coram
2279 2708 2397 2772 ple-

196 2782 329 2832 nius
354 2779 774 2845 perfectiusque
802 2797 937 2833 cum
964 2783 1090 2833 eius
1119 2780 1474 2832 Celfitudine
1502 2779 1857 2831 conferendo
1885 2795 1957 2830 ex
1982 2786 2120 2831 voto
2147 2795 2396 2844 agerem.

7 2891 17 2896 -
105 2865 184 2909 355-
198 2850 311 2903 Sed
340 2855 627 2916 quoniam
654 2852 757 2904 ista
785 2852 956 2904 nobis
987 2852 1210 2903 occasio
1240 2854 1493 2903 nimium
1519 2851 1750 2916 lugubri
1777 2850 2070 2903 obstaculo
2098 2850 2397 2915 (quodque

198 2925 432 2975 animus
452 2925 769 2975 meminisse
789 2924 989 2976 horret
1008 2922 1286 2987 luc'tuque
1308 2921 1536 2987 refugit)
1563 2929 1855 2987 praerepta
1875 2922 1965 2982 est,
1994 2922 2069 2974 ad
2094 2922 2291 2973 literas
2312 2937 2397 2973 re-

197 2995 551 3047 currendum
566 2996 669 3047 esse
681 2996 872 3056 video,
889 3011 1037 3059 quas
1051 2997 1228 3046 etiam
1242 2996 1433 3059 prima
1445 3009 1681 3057 quaque
1697 2996 2147 3058 opportunitate,
2163 2995 2234 3058 ijs
2250 3009 2398 3057 quas

195 3064 399 3117 vltimo
426 3066 500 3118 ab
527 3066 893 3119 Illustrissimo
914 3067 1180 3130 Principe
1208 3065 1260 3116 &
1285 3072 1340 3116 te
1367 3067 1581 3128 accepi,
1609 3064 1835 3117 affatim
1860 3064 2288 3128 respondentes,
2318 3064 2398 3127 (vt

195 3134 367 3201 supra
393 3140 570 3189 etiam
596 3138 889 3203 pollicitus
915 3137 1064 3200 sum)
1094 3138 1262 3189 breui
1288 3139 1531 3187 mittam.
1563 3137 1802 3187 Interim
1831 3151 2062 3187 moram
2091 3134 2245 3187 hanc
2274 3151 2396 3187 non

105 3221 150 3255 4ο
198 3222 350 3272 aegre
369 3207 539 3270 feras,
562 3225 814 3274 eamque
836 3210 995 3273 apud
1010 3208 1266 3260 Illustriss.
1283 3209 1613 3271 Principem
1633 3214 1803 3259 tuum
1823 3207 2126 3272 diligenter
2147 3206 2395 3258 excuseS.

196 3278 358 3330 Vale.
381 3279 606 3332 Datum
625 3281 981 3345 Vraniburgi
1001 3283 1154 3331 circa
1175 3279 1489 3331 Solstitium
1507 3278 1814 3338 AEstiuum‚
1839 3279 2019 3330 Anno
2040 3277 2183 3330 1588.

1039 3350 1279 3402 TYCHO
1307 3351 1552 3401 BRAHE.

1978 3419 2336 3471 DOCTRIN
2339 3419 2394 3468 A
