2748 4204
404 323 472 376 66
750 318 1354 374 EPISTOLARUM
1379 317 2210 372 ASTRONOMICARUM

400 461 523 512 lum
554 460 790 517 adorn0‚
823 461 884 509 in
915 457 1205 521 publicam
1232 457 1532 507 vtilitatem
1561 456 1896 519 euulgatum
1926 456 2111 508 fuerit.
2147 456 2447 519 Quantum
2479 460 2553 510 ad

402 529 843 581 obseruationes
862 527 1006 577 Tuae
1028 525 1390 577 Celsitudinis
1415 524 1561 576 mihi
1586 525 1922 576 transmissas
1950 525 2089 589 (quo
2115 529 2290 577 etiam
2315 530 2551 579 nomine

401 598 543 649 Tuae
565 597 830 649 Celfitud.
850 596 1128 659 plurimas
1148 601 1478 646 reuerenter
1502 593 1691 645 habeo
1711 594 1942 658 gratias)
1969 598 2183 654 attinet,
2210 597 2427 647 contuli
2453 612 2551 649 eas

399 675 522 718 tum
542 670 687 717 inter
705 666 776 723 se,
799 672 923 716 tum
940 680 1058 715 vna
1078 679 1210 715 cum
1229 667 1372 715 meis
1393 663 1704 726 diligenter,
1726 663 1778 714 &
1798 664 2032 726 quidem
2051 667 2113 715 in
2132 665 2404 730 distantijs
2422 666 2552 729 ipsis

399 737 625 787 nullum
644 738 867 798 reperio
887 734 1130 784 alicuius
1144 735 1422 784 momenti
1437 732 1753 792 discrimen,
1775 735 1916 796 quin
1929 740 2095 784 tuum
2109 734 2551 786 Instrumentum

401 805 626 857 easdem
650 805 917 867 praebeat,
945 818 1089 866 quas
1114 806 1230 854 mei
1250 803 1563 854 Sextantes.
1590 802 1654 853 Id
1680 803 1836 865 quod
1855 803 2040 854 velex
2061 803 2181 855 sola
2204 806 2352 855 inter
2371 804 2551 869 Regu-

396 875 519 925 lum
549 874 599 924 &
628 875 856 937 Spicam
881 880 946 937 m>
972 873 1398 935 intercapedine
1431 872 1524 934 (eo
1553 872 1709 934 quod
1739 871 2078 924 Obseruatio
2106 873 2234 924 haec
2262 872 2363 924 fiat
2390 877 2552 925 iuxta

398 952 681 995 extremos
711 943 994 994 Sextantis
1025 942 1248 1001 limiteS,
1280 941 1432 992 vnde
1462 943 1636 992 etiam
1665 941 1932 992 exiliores
1960 942 2402 994 interuallorum
2429 944 2549 994 An-

396 1014 513 1077 guli
531 1016 726 1063 minus
745 1012 898 1076 dubij
923 1010 1201 1073 euadunt)
1222 1010 1585 1061 manifestum
1604 1011 1874 1062 redditur.
1896 1011 2070 1063 Hanc
2090 1015 2247 1062 enim
2259 1011 2405 1064 Tuae
2420 1013 2548 1064 Cel-

395 1083 552 1134 fitud.
574 1082 815 1134 Sextans
835 1081 1078 1145 praebuit
1096 1087 1237 1143 part.
1252 1081 1335 1131 54.
1357 1080 1441 1131 M.
1456 1080 1511 1139 2;
1532 1080 1658 1131 Nos
1679 1080 1925 1131 eandem
1943 1081 2248 1145 aliquoties
2267 1084 2365 1132 vix
2378 1081 2549 1134 Sexta

394 1159 553 1215 parte
585 1155 755 1202 vnius
786 1153 993 1201 minuti
1031 1150 1373 1212 (discrimine
1410 1164 1558 1213 pene
1589 1149 1893 1201 insensibili
1923 1150 1975 1201 81
2006 1151 2224 1202 nullius
2254 1151 2546 1214 ponderis)

393 1224 680 1272 minorem
708 1220 1208 1284 deprehendimuS,
1237 1219 1625 1271 attestantibus
1654 1222 1828 1271 etiam
1856 1223 2075 1271 caeteris
2103 1220 2375 1284 distantijs
2402 1220 2548 1272 Tuae

396 1291 757 1342 Celfitudinis
783 1305 915 1341 cum
940 1289 1139 1340 nostris
1157 1291 1411 1340 inuicem
1431 1289 1667 1348 collatiS,
1695 1304 1831 1340 eum
1851 1290 2198 1350 Sextantem,
2226 1305 2400 1353 quem
2419 1290 2549 1342 Tua

393 1359 536 1412 Cels.
563 1363 625 1410 in
649 1359 750 1410 vsu
774 1358 962 1418 habet,
989 1358 1118 1410 satis
1145 1357 1389 1417 exactas,
1416 1358 1468 1409 &
1493 1358 1593 1422 ipfi
1619 1358 1768 1410 coelo
1794 1374 2076 1423 congruas
2101 1360 2358 1422 praebere
2377 1362 2546 1411 inter-

392 1430 712 1493 capedines,
741 1428 914 1490 Quod
933 1435 1130 1479 tamen
1148 1431 1246 1479 vix
1266 1430 1390 1479 eius
1411 1443 1589 1492 opera
1607 1427 1924 1480 factitatum
1943 1432 2166 1492 opinor,
2194 1432 2294 1493 qui
2318 1428 2546 1482 structu-

390 1514 516 1550 ram
547 1499 700 1549 illius
732 1499 805 1549 ad
835 1501 951 1549 mei
983 1513 1158 1561 quem
1188 1497 1282 1548 hic
1311 1497 1681 1562 conspexerat
1711 1498 1890 1562 (quod
1920 1498 2300 1562 proculdubio
2328 1499 2547 1550 filentio

389 1568 680 1632 praeterijt)
701 1570 1083 1619 imitationem
1102 1570 1355 1631 primum
1368 1567 1513 1619 Tuae
1529 1567 1864 1620 Celfitudini
1884 1569 2190 1620 ordinauit.
2213 1569 2372 1620 Nota
2391 1571 2548 1620 enim

388 1637 517 1689 satis
542 1637 686 1688 mihi
707 1637 780 1688 est
798 1637 985 1701 ipsiuS,
1012 1640 1074 1688 in
1099 1637 1190 1688 his
1210 1637 1572 1688 Mechanicis
1593 1637 1765 1689 rebus
1783 1638 1878 1689 vel
1901 1638 2277 1702 inquirendiS,
2303 1638 2398 1689 vel
2421 1640 2546 1689 imi-

387 1708 591 1764 tandis,
611 1709 805 1758 minus
826 1705 1026 1758 exacta
1045 1707 1353 1771 diligentia.
1381 1707 1634 1771 Ideoque
1653 1707 1712 1758 id
1731 1710 1923 1771 potius
1942 1711 2192 1772 propriae
2210 1707 2275 1759 T.
2297 1707 2441 1759 Cels.
2461 1710 2545 1759 in·

388 1777 627 1837 dustriae,
649 1777 699 1828 &
720 1776 1120 1829 Mathematici
1139 1776 1310 1840 ipfius
1331 1777 1702 1838 Rothmanni,
1723 1777 2070 1841 artificisque
2083 1793 2201 1829 vna
2215 1777 2547 1829 Mechanici

387 1846 460 1898 ab
488 1846 607 1910 ipsa
635 1849 987 1910 experientia
1014 1846 1300 1911 indagatae
1329 1846 1571 1898 solertiae
1601 1847 1997 1899 ascribendum
2025 1847 2242 1899 censeo,
2273 1847 2448 1910 Quod
2473 1847 2547 1899 ad

387 1916 715 1968 altitudines
735 1917 1096 1968 Meridianas
1114 1916 1260 1967 mihi
1279 1916 1616 1968 transmissas
1636 1920 1851 1978 attinet,
1871 1919 1933 1969 in
1953 1919 2023 1982 ijs
2041 1932 2250 1981 parum
2270 1917 2548 1980 quiddam

387 1986 721 2038 discriminis
747 2002 783 2038 a
807 1989 952 2038 meis
977 1989 1230 2038 inuentis
1255 1989 1497 2050 reperim
1524 1987 1672 2038 adeo
1696 1994 1756 2038 vt
1781 1987 2216 2038 Declinationes
2239 1986 2547 2038 Stellarum

386 2056 519 2107 inde
530 2059 737 2120 petitae,
751 2059 811 2107 in
820 2056 1174 2116 BorealibuS,
1187 2057 1415 2108 duobus
1424 2057 2067 2121 propemodumvbique
2078 2056 2354 2120 scrupulis
2365 2055 2545 2108 abun-

386 2126 536 2185 dent,
556 2128 617 2176 in
631 2126 987 2178 Australibus
1000 2142 1139 2177 vero
1158 2127 1396 2178 totidem
1410 2126 1694 2187 deficiant,
1714 2126 1888 2191 idque
1908 2126 2315 2191 praesuppofita
2326 2126 2544 2190 AEqua-

384 2198 522 2246 toris
553 2196 927 2247 inclinatione
957 2203 1099 2261 part.
1126 2196 1209 2248 38.
1240 2197 1325 2247 Μ.
1351 2196 1436 2248 40.
1469 2212 1603 2260 quae
1635 2212 1707 2248 ex
1738 2212 1810 2248 ea
1835 2196 1960 2248 Poli
1992 2196 2334 2255 eleuatione,
2367 2211 2546 2260 quam

386 2264 789 2317 Rothmannus
816 2282 846 2317 e
873 2266 1179 2318 Stellarum
1206 2266 1574 2329 quarundam
1599 2282 1721 2317 non
1747 2267 2131 2318 occidentium
2155 2272 2396 2329 vtraque
2421 2265 2544 2317 alti·

383 2336 581 2386 tudine
601 2335 746 2386 mihi
765 2336 1088 2400 perscripsit,
1109 2336 1379 2387 resultare
1400 2336 1862 2400 deprehenditur.
1884 2336 2039 2388 Cum
2058 2344 2255 2388 autem
2272 2335 2404 2387 satis
2420 2350 2544 2399 per-

384 2403 635 2468 spectum
662 2405 953 2465 haberem,
983 2406 1417 2457 Declinationes
1447 2406 1755 2458 Stellarum
1783 2422 1819 2458 a
1846 2421 1941 2457 me
1969 2407 2269 2470 indagatas
2293 2407 2355 2456 in
2379 2404 2542 2456 nullo

383 2477 609 2526 minuto
622 2475 715 2526 vel
735 2475 1048 2536 abundare,
1068 2476 1163 2527 vel
1181 2475 1441 2536 deficere,
1463 2491 1533 2527 eo
1554 2477 1710 2540 quod
1730 2478 1922 2540 quinis
1935 2476 2029 2527 vel
2041 2475 2188 2527 senis
2200 2478 2360 2527 varie
2373 2474 2540 2526 fabri-

384 2547 538 2603 catiS,
567 2544 840 2608 iustaeque
868 2546 1282 2610 magnitudinis
1311 2546 1717 2605 InstrumentiS‚
1746 2549 1826 2597 ita
1850 2553 1909 2597 vt
1934 2548 1996 2596 in
2021 2545 2361 2609 quibusdam
2388 2544 2543 2596 sexta

383 2629 515 2677 pars
540 2617 749 2666 minuti
775 2615 1013 2667 discerni
1038 2616 1342 2667 commode
1371 2623 1560 2679 queat,
1591 2618 1744 2667 certo
1774 2616 2087 2679 exploratae
2117 2615 2303 2666 essent:
2335 2613 2386 2665 &
2412 2613 2542 2665 satis

384 2699 500 2735 vna
517 2684 663 2735 mihi
683 2685 973 2746 constaret,
994 2685 1185 2737 Tuam
1200 2685 1466 2738 Celsitud.
1488 2688 1549 2737 in
1570 2686 2081 2738 Obseruationibus
2102 2687 2292 2745 etiam,
2311 2683 2540 2748 praeser-

383 2756 485 2804 tim
504 2769 606 2817 per
624 2754 751 2806 haec
771 2755 1081 2807 Neoterica
1100 2771 1319 2820 organa
1338 2758 1632 2816 reiteratis,
1658 2756 1944 2807 summam
1968 2755 2242 2807 adhibere
2268 2768 2468 2805 curam
2491 2752 2542 2804 ἃ

384 2823 752 2888 diligentiam,
776 2825 927 2876 vnde
946 2826 1074 2877 haec
1092 2826 1364 2877 binorum
1383 2825 1783 2890 scrupulorum
1801 2828 1950 2877 inter
1967 2839 2076 2876 nos
2096 2823 2389 2876 diuersitas
2409 2838 2541 2875 con-

382 2896 636 2957 tingeret,
668 2898 857 2957 primo
887 2910 1119 2947 mecum
1148 2895 1466 2959 plurimum
1498 2895 1842 2947 admirabar.
1875 2894 2104 2946 Deinde
2134 2909 2268 2946 cum
2295 2893 2543 2945 eandem

383 2978 531 3025 pene
550 2963 761 3027 vbique
783 2965 883 3015 esse
903 2964 1287 3016 differentiam
1308 2965 1742 3025 considerarem,
1767 2965 1951 3017 statim
1969 2967 2031 3015 in
2049 2970 2303 3015 mentem
2328 2963 2540 3022 incidit,

384 3032 549 3083 facile
576 3035 833 3093 euenisse‚
860 3041 918 3084 vt
942 3035 1035 3085 vel
1059 3035 1526 3098 pinnacidiorum
1551 3050 1673 3086 non
1698 3037 1801 3086 rite
1827 3034 2216 3098 appofitorum
2240 3035 2380 3084 vitio
2404 3033 2542 3084 bina

383 3101 647 3165 scrupula
660 3103 800 3154 iusto
815 3103 1013 3154 altius
999 3120 1061 3154 111
1070 3104 1215 3155 Tuae
1229 3104 1413 3156 Celfit.
1430 3104 1768 3167 Quadrante
1781 3104 2247 3168 perspicerentur,
2261 3102 2356 3154 vel
2369 3104 2542 3153 etiam

383 3173 804 3235 perpendiculi
789 3189 849 3223 in
863 3176 1033 3224 vnico
1047 3174 1244 3225 saltem
1256 3177 1499 3234 minut0,
1515 3189 1636 3225 non
1649 3177 1754 3225 rite
1769 3175 2017 3226 ordinati
2032 3188 2239 3233 errore,
2255 3174 2355 3236 qui
2367 3174 2541 3223 vtrin—

384 3256 496 3304 que
522 3242 805 3301 assumtuS‚
833 3249 951 3293 tam
977 3245 1039 3293 in
1064 3244 1188 3294 Poli
1213 3259 1392 3307 quam
1417 3244 1726 3295 Stellarum
1752 3244 2217 3295 Meridianarum
2241 3241 2541 3294 altitudine

384 3311 828 3363 declinationem
861 3313 1179 3364 earundem
1209 3313 1359 3364 binis
1390 3315 1640 3365 variaret
1670 3313 1963 3377 scrupuIiS,
1996 3320 2096 3365 aut
2126 3312 2270 3364 forte
2300 3318 2542 3432 Vtraque

2301 3396 2366 3433 ra
2411 3395 2539 3432 one.

2601 1100 2642 1134 10

2600 1447 2640 1481 15

2592 2143 2638 2177 25

2590 2839 2635 2874 35

2589 3186 2636 3221 40
