2748 4204
427 328 515 378 178
766 321 1365 374 EPISTOLARUM
1393 321 2226 373 ASTRONOMICARUM

426 464 679 514 desumta
703 460 1031 518 immiscent,
1059 474 1190 521 quae
1217 474 1391 510 nemo
1418 462 1606 518 etiam,
1634 474 1812 521 quam
1836 461 2089 509 maxime
2112 460 2363 511 naturali
2383 460 2570 513 Philo-

423 533 621 595 sophia
647 531 896 581 imbutus
926 532 1006 578 ire
1027 531 1230 591 poterit
1250 527 1487 579 inficias.
1515 529 1723 590 Neque
1744 528 1817 578 ob
1837 528 1895 578 id
1914 528 2164 590 sequitur
2184 544 2284 580 eos
2302 530 2569 582 Astrono-

422 605 572 651 mica
601 600 650 650 8(
679 598 925 662 Physica,
960 612 1091 659 quae
1120 597 1213 646 vel
1241 612 1277 647 a
1305 600 1503 659 primis
1532 596 1874 647 Patriarchis
1903 597 1977 648 ad
2006 613 2106 648 eos
2134 601 2569 660 promanArunt,

422 670 705 733 ignorasse,
722 670 999 730 quoniam
1012 669 1240 728 parcius
1254 665 1324 716 de
1339 666 1429 716 his
1444 672 1634 729 agunt.
1650 665 1790 716 Non
1805 668 1961 716 enim
1975 666 2163 718 decuit
2173 667 2571 732 Philosophica

422 739 471 788 8(
492 738 798 788 Mundana
817 735 1176 798 Theologieis
1195 735 1437 798 mysterij
1445 750 1486 794 S,
1509 750 1640 797 quae
1660 738 1951 798 praecipue
1970 735 2302 796 tractabant,
2322 741 2569 789 nimium
2618 757 2639 790 5
2726 740 2728 742 ’

420 806 746 857 immiscere.
778 805 895 856 Stat
920 807 1113 866 itaque
1139 804 1329 854 adhuc
1355 807 1594 855 immota
1620 805 1917 855 Autoritas
1941 805 2231 857 sacrarum
2255 806 2568 867 literarum,

419 883 475 926 vt
494 876 594 926 suo
614 876 742 925 loco
762 874 988 937 plenius
1002 873 1339 924 videbimuS.
1361 873 1485 923 Nec
1501 873 1810 936 Copernici
1828 873 2027 936 pofitio
2048 875 2120 926 ab
2140 875 2250 926 hac
2269 875 2324 927 se
2337 876 2454 928 vlla
2469 883 2570 928 tua

420 960 595 1008 opera
619 943 941 995 vindicabit.
974 942 1147 1005 Quod
1173 949 1368 993 autem
1393 957 1542 993 meae
1569 942 1994 1006 Hypothefium
2019 946 2346 996 inuentioni
2371 946 2569 1010 obiJcis

418 1013 751 1065 tractionem
777 1012 1071 1075 quandam
1096 1011 1427 1070 violentam,
1457 1012 1507 1062 8(
1535 1012 1752 1062 ordinis
1779 1012 2186 1073 confusionem,
2216 1016 2567 1079 retrograda-

416 1083 694 1145 tionisque
719 1085 781 1132 in
806 1085 1062 1144 quinque
1089 1081 1337 1131 Planetis
1362 1081 1569 1139 labem,
1599 1081 1746 1132 nihil
1770 1097 2085 1134 moramur.
2116 1084 2255 1134 Non
2285 1087 2440 1135 enim
2466 1086 2567 1136 esse
2620 1103 2661 1136 ιο

416 1152 750 1203 tractionem
776 1151 1071 1214 quandam
1096 1150 1571 1210 inuoluntariam,
1597 1150 1690 1202 sed
1715 1152 2042 1203 naturalem
2070 1152 2120 1203 8(
2146 1154 2422 1205 diuinitus
2442 1154 2566 1205 infi-

415 1229 533 1272 tam
554 1223 1074 1278 concomitantiam,
1096 1219 1652 1283 obseruantiamque,
1674 1236 1791 1284 qua
1811 1224 2068 1285 quinque
2088 1222 2341 1274 Planetae
2356 1223 2565 1283 Solem,

416 1306 762 1354 quocunque
792 1296 898 1349 eat,
927 1290 1146 1352 semper
1170 1293 1231 1339 in
1257 1289 1586 1340 Meditullio
1611 1290 1845 1341 suarum
1870 1291 2323 1343 Reuolutionum
2348 1293 2566 1356 respici-

415 1368 532 1420 unt,
554 1360 999 1411 consentaneum
1020 1359 1108 1409 est.
1130 1359 1197 1409 Et
1218 1374 1475 1422 quanam
1496 1360 1690 1422 quaeso
1710 1360 1996 1424 corporali
2009 1365 2311 1425 tenacique
2325 1366 2567 1415 materia

414 1430 755 1493 copulantur
787 1429 1032 1492 Magnes
1065 1429 1115 1479 8(
1147 1429 1402 1488 Ferrum,
1434 1431 1514 1480 ita
1538 1435 1597 1480 vt
1621 1445 1804 1480 vnum
1835 1430 2082 1482 alterum
2113 1438 2358 1494 appetat,
2392 1435 2566 1483 etiam
2618 1449 2659 1483 ι5

412 1499 736 1561 interposito
763 1498 878 1549 alio
906 1497 1179 1561 corpore?
1205 1498 1264 1549 Si
1289 1498 1400 1549 hoc
1427 1501 1488 1549 in
1512 1499 1861 1550 terrestribus
1885 1502 2219 1552 inanimatis
2245 1501 2370 1552 fieri
2392 1502 2567 1565 potest

412 1568 745 1619 naturaliter
774 1568 982 1630 absque
1007 1567 1299 1627 violentia,
1331 1569 1470 1631 quid
1495 1571 1557 1619 in
1583 1569 1910 1629 caelestibuS‚
1941 1585 2073 1633 quae
2103 1573 2362 1622 animata
2387 1572 2488 1623 esse
2515 1572 2566 1623 8(

411 1638 701 1688 scientiam
726 1637 1002 1688 diuinitus
1028 1640 1290 1688 innatam
1315 1638 1639 1689 mirabilem
1661 1638 1711 1689 8(
1730 1639 2181 1703 praestantiorem
2201 1656 2379 1704 quam
2403 1648 2564 1704 puta-

410 1714 501 1757 tur
519 1707 749 1766 habere,
769 1707 1063 1765 Platonici,
1084 1707 1563 1771 sapientioresque
1577 1708 2114 1772 Philosophantium
2132 1726 2253 1761 non
2269 1710 2566 1775 negarint?

410 1777 702 1839 Perpende
729 1776 1052 1840 diligentius
1073 1792 1157 1836 ea,
1186 1792 1317 1840 quae
1337 1780 1399 1828 in
1418 1777 1535 1828 fine
1556 1779 1628 1829 16.
1651 1781 1851 1842 capitis
1869 1779 1998 1830 libri
2018 1780 2066 1830 2.
2093 1780 2259 1844 Plinij
2283 1780 2355 1831 ab
2377 1795 2446 1832 eo
2467 1781 2564 1832 ad·
2613 1798 2658 1831 20

410 1847 711 1905 ducuntur,
739 1847 808 1897 de
834 1849 1056 1897 ratione
1082 1847 1387 1898 stationum
1414 1853 1587 1910 atque
1613 1850 1955 1912 regressuum
1975 1845 1994 1916 ΙΙ
2015 1851 2188 1900 trium
2207 1849 2565 1914 superiorum
2600 1859 2681 1902 149

408 1916 791 1975 Planetarum‚
819 1931 951 1979 quae
976 1917 1106 1967 licet
1125 1917 1396 1980 ambigua
1416 1917 1769 1981 obscuraque
1788 1918 1883 1969 vel
1900 1918 2128 1982 prorsus
2148 1919 2392 1971 absurda
2409 1921 2563 1972 vide-

408 1992 593 2045 antur,
613 1992 809 2036 tamen
828 2001 950 2036 non
970 1989 1169 2037 omnia
1187 1986 1314 2037 sunt
1333 1987 1506 2050 plane
1527 1987 1597 2038 de
1617 1988 1818 2039 nihilo,
1841 1988 2096 2052 Satisque
2115 1988 2250 2040 hinc
2265 1989 2562 2054 colligitur,

407 2055 789 2105 vetustissimos
810 2056 1273 2116 MathematicOS,
1295 2059 1395 2119 qui
1416 2059 1589 2108 etiam
1602 2057 1843 2109 Terram
1863 2061 1925 2109 in
1943 2059 2136 2109 medio
2152 2059 2364 2110 Mundi
2384 2060 2563 2123 quies-

408 2132 630 2175 centem
651 2125 1002 2185 constituere,
1024 2126 1322 2190 Epicyclos
1341 2127 1570 2190 prorsus
1590 2129 1878 2191 ignorasse,
1901 2127 1951 2178 8(
1971 2128 2088 2179 alia
2106 2129 2361 2191 quadam
2375 2129 2561 2180 occul-
2611 2147 2656 2180 2⁵

406 2198 548 2245 tiore
568 2198 790 2246 ratione
805 2195 932 2246 istas
945 2196 1348 2259 Apparentias,
1371 2212 1503 2260 quae
1524 2198 1659 2248 inde
1677 2197 1989 2257 saluantur‚
2011 2198 2085 2249 ad
2100 2198 2295 2250 Solem
2308 2199 2562 2259 retulisse,

406 2280 594 2327 neque
614 2267 1033 2316 inconueniens
1053 2265 1278 2325 duxisse,
1299 2266 1566 2318 Planetas
1580 2267 1700 2318 Soli
1714 2270 1794 2319 ita
1807 2268 2093 2319 obnoxios
2115 2269 2232 2328 esse,
2252 2268 2382 2319 licet
2400 2269 2565 2320 nulla

404 2334 776 2385 intercederet
802 2335 1116 2386 materialis
1145 2335 1448 2400 colligati0.
1480 2336 1591 2388 Sed
1618 2337 1734 2400 ipse
1759 2337 1974 2388 Textus
2001 2343 2054 2389 te
2082 2338 2152 2389 de
2180 2338 2440 2401 pluribus
2465 2339 2562 2390 ad-

404 2404 675 2454 monebit.
698 2405 821 2455 Nec
835 2405 953 2456 vlla
973 2405 1227 2456 confufio
1242 2408 1303 2456 in
1316 2409 1461 2457 meis
1475 2406 1904 2471 Hypothefibus
1919 2410 2310 2468 committitur;
2333 2408 2563 2460 Caelum

407 2476 562 2523 enim
591 2473 663 2524 est
687 2477 922 2525 vnicum
949 2474 999 2525 8(
1024 2475 1123 2525 fibi
1151 2475 1329 2526 fimile
1356 2491 1392 2527 a
1418 2476 1586 2527 Luna
1610 2477 1685 2528 ad
1711 2475 1980 2528 octauam
2005 2477 2325 2541 Sphaeram,
2355 2480 2415 2528 in
2445 2493 2562 2541 quo
2611 2494 2656 2528 30

404 2543 580 2593 libere
619 2543 929 2595 ascendunt
967 2544 1017 2594 &
1055 2544 1404 2596 descendunt
1434 2546 1705 2605 Planetae,
1744 2554 1914 2610 prout
1946 2547 2141 2598 Solem
2174 2547 2562 2611 pulcherrima

406 2613 736 2664 Harmonia
755 2616 816 2664 in
835 2614 1028 2664 medio
1049 2615 1446 2666 ambulantem
1466 2618 1838 2667 circumeunt.
1861 2617 2000 2667 Non
2018 2619 2174 2668 enim
2189 2617 2358 2668 credo
2372 2623 2426 2668 te
2440 2633 2561 2668 rur-

403 2682 494 2733 sus
508 2681 920 2734 distinc‘tionem
933 2684 1192 2747 aliquam
1206 2685 1424 2736 realem
1439 2686 1668 2737 orbium
1681 2686 2008 2738 Caelestium
2021 2688 2383 2738 introducere
2396 2686 2560 2747 velle,

405 2759 603 2803 contra
632 2768 808 2815 quam
837 2756 983 2804 inter
1012 2769 1120 2804 nos
1149 2755 1370 2805 dudum
1399 2758 1687 2807 conuenit.
1719 2756 2149 2820 Retrogradatio
2174 2755 2560 2816 Planetarum‚

405 2837 536 2884 quae
559 2821 810 2885 respectu
830 2823 1000 2874 nostri
1019 2824 1070 2874 8(
1091 2823 1314 2875 octauae
1335 2824 1593 2888 Sphaerae
1614 2828 1879 2886 cernitur,
1907 2826 2070 2877 nullo
2091 2842 2190 2877 eos
2209 2828 2349 2877 vitio
2369 2826 2559 2886 afficit,
2609 2842 2654 2877 35

403 2891 679 2954 liquidem
705 2907 821 2954 quo
849 2893 921 2943 ad
948 2893 1286 2957 semetipsOS,
1315 2894 1510 2946 Solem
1533 2895 1754 2959 semper
1780 2896 1987 2947 eodem
2011 2896 2187 2947 modo
2210 2898 2559 2955 intueantur,

404 2961 588 3011 cursui
614 2962 886 3012 destinato
911 2963 1270 3014 vniformiter
1296 2967 1513 3016 intenti.
1544 2965 1655 3017 Sed
1684 2965 1811 3016 haec
1841 2965 1892 3016 &
1920 2965 2089 3029 plura
2114 2965 2230 3017 alia
2256 2981 2389 3029 quae
2417 2965 2560 3016 forte

403 3030 475 3080 ab
508 3030 795 3093 aliquibus
826 3031 1194 3094 plausibiliter
1226 3041 1425 3085 contra
1457 3035 1706 3086 nostram
1736 3042 2002 3086 motuum
2041 3037 2326 3086 rationem
2363 3035 2561 3086 inferri

402 3101 635 3162 possunt‚
659 3100 760 3150 suo
780 3108 1054 3163 tempore,
1077 3102 1207 3153 Deo
1228 3104 1530 3155 conatibus
1549 3105 1749 3155 nostris
1769 3104 2068 3168 aspirante,
2095 3104 2437 3156 sufficienter
2456 3104 2558 3155 dis·

403 3172 631 3219 cutiam.
655 3170 1029 3221 Occafionem
1045 3186 1183 3222 vero
1203 3173 1310 3223 has
1325 3174 1688 3238 Hypotheses
1709 3174 2068 3226 construendi
2088 3189 2210 3225 non
2229 3173 2468 3225 desumfi
2488 3189 2558 3225 ex
2607 3189 2652 3224 40

402 3238 638 3288 inuerfis
659 3238 1060 3301 Copernianis,
1084 3240 1134 3290 8(
1154 3241 1193 3291 fi
1211 3249 1274 3292 tu
1294 3242 1407 3293 tale
1428 3244 1727 3307 quidpiam
1746 3259 2007 3307 vnquam
2027 3243 2290 3308 cogitasti,
2316 3242 2462 3294 mihi
2483 3243 2558 3301 id,

401 3314 459 3358 vt
483 3307 612 3358 satis
638 3308 795 3367 nosti,
823 3324 942 3359 non
968 3312 1232 3369 innotuit,
1260 3327 1449 3375 neque
1476 3312 1654 3364 firnile
1681 3314 1819 3376 quid
1838 3329 2098 3377 vnquam
2119 3328 2190 3364 ex
2211 3312 2446 3432 Κὴεῐίὶο
2462 3313 2559 3432 {rel

2236 3382 2378 3433 Rein
2424 3396 2459 3432 o
2484 3382 2558 3432 do
