2748 4204
337 331 404 382 36
685 327 1286 380 EPISTOLARUM
1315 325 2147 379 ASTRONOMICARUM

339 469 527 520 larum
543 462 1053 519 obseruationibus
1074 468 1333 529 apprime
1354 465 1586 524 Idonea,
1607 465 1958 528 peculiarem
1979 462 2350 517 confeclionis
2369 481 2490 517 mo-

339 539 478 589 dum
503 540 716 588 attinet.
745 537 873 587 Fuit
898 538 1054 586 enim
1080 535 1174 586 hic
1199 550 1428 586 mecum
1454 541 1587 587 ante
1615 537 2081 598 quinquennium
2101 534 2369 587 PAVLVS
2394 535 2490 587 ille

338 605 823 664 WITTICHIVS,
852 620 922 655 ex
948 607 1111 655 cuius
1136 604 1462 668 praescripto
1481 603 1610 655 Tua
1631 604 1919 655 Celfitudo
1940 603 2042 655 sua
2066 604 2301 668 Organa
2327 606 2490 656 inno-

339 683 475 727 uata
495 677 595 726 esse
616 676 808 733 asserit,
830 674 881 724 8(
901 674 1411 725 Instrumentorum
1431 674 1816 737 quorundam,
1844 689 1976 737 quae
2002 676 2211 736 partim
2236 679 2370 725 tunc
2392 689 2490 737 pa-

339 752 462 797 rata
487 744 788 803 habebam,
815 747 1023 807 partim
1048 746 1110 794 in
1134 743 1418 806 posterum
1444 744 1743 794 elaborare
1764 743 2009 802 decreui,
2037 743 2491 794 elaborationem
2539 762 2560 796 5

340 815 390 865 &
409 814 586 873 vsum,
614 813 1014 876 diuisionisque
1038 812 1089 863 &
1111 813 1597 872 Pinnacidiorum,
1625 813 1833 876 quibus
1859 815 1920 863 in
1947 812 2217 864 omnibus
2242 812 2493 864 similiter

339 884 516 935 ferme
536 890 676 942 vtor,
704 885 988 934 rationem
1009 882 1346 946 explorauit,
1370 882 1540 945 seque
1560 897 1698 933 mox
1717 885 1779 932 in
1800 882 2199 941 Germaniam,
2221 882 2492 945 quaedam

338 954 454 1005 alia
467 953 845 1016 praetendens,
860 954 1085 1015 recepit.
1102 952 1187 1002 Ex
1200 951 1320 1014 ipsa
1332 967 1470 1003 vero
1482 951 1767 1003 Sextantis
1780 951 1900 1002 sola
1913 951 2301 1015 appellatione
2316 954 2491 1017 conij-

339 1038 463 1074 cere
494 1023 623 1073 licet
650 1021 991 1072 Witichium
1027 1036 1149 1071 non
1184 1020 1434 1072 multum
1462 1036 1498 1072 a
1526 1020 1725 1072 nostris
1757 1021 1950 1072 aliena
1980 1021 2125 1072 Tuae
2158 1020 2492 1072 Celfitudini

337 1092 690 1156 proposuisse.
724 1091 881 1142 Nam
907 1091 1192 1142 Sextantis
1221 1090 1680 1149 Instrumentum‚
1711 1092 1875 1141 cuius
1905 1089 1955 1141 &
1982 1090 2199 1142 fabrica
2227 1091 2492 1154 adeoque
2545 1109 2585 1143 10

337 1162 520 1226 ipsum
539 1176 755 1212 nomen
775 1175 973 1211 recens
988 1175 1024 1211 a
1036 1175 1130 1211 me
1145 1162 1529 1228 excogitatum
1543 1167 1679 1219 erat,
1699 1166 1835 1211 tunc
1848 1162 1909 1211 in
1922 1160 2023 1211 vsu
2036 1167 2304 1224 paratum
2318 1159 2491 1212 habe-

336 1232 487 1291 bam,
520 1245 652 1281 cum
680 1230 989 1281 Witichius
1019 1228 1165 1280 mihi
1195 1229 1411 1280 adesset.
1448 1229 1667 1280 Verum
1701 1244 1834 1280 cum
1864 1229 1983 1293 ipsa
2014 1232 2368 1293 experientia
2398 1244 2492 1281 me

336 1301 625 1352 multoties
655 1298 1171 1351 commonefaceret
1201 1313 1332 1350 eam
1361 1298 1646 1350 Sextantis
1675 1298 1990 1359 Fabricam‚
2024 1314 2202 1362 quam
2230 1306 2366 1351 tunc
2395 1300 2491 1351 ad-

337 1374 694 1428 inueneram,
722 1370 794 1420 ob
822 1376 974 1420 certa
999 1368 1270 1432 quaedam
1294 1368 1708 1432 impedimenta
1727 1368 2034 1420 Stellarum
2056 1369 2490 1433 intercapedini-

335 1441 442 1491 bus
473 1439 702 1503 praecise
731 1438 1071 1502 indagandis
1100 1453 1221 1489 non
1248 1437 1521 1498 sufficere,
1554 1440 1678 1489 eius
1706 1437 1836 1489 vsus
1866 1441 1984 1489 iam
2012 1438 2234 1490 dudum
2262 1454 2298 1490 a
2325 1438 2492 1490 nobis
2544 1458 2585 1493 15

337 1512 667 1572 antiquatus
696 1508 783 1559 est.
816 1508 1012 1570 Quare
1038 1507 1078 1558 fi
1103 1507 1344 1559 Sextans
1374 1507 1468 1558 ille
1498 1523 1615 1571 quo
1641 1507 1704 1559 T.
1733 1507 1999 1559 Celfitud.
2029 1508 2295 1560 Siderum
2322 1511 2491 1560 inter·
2541 1515 2568 1556 ÷

338 1579 494 1630 ualla
515 1578 804 1630 obseruari
825 1584 999 1636 curat,
1021 1577 1226 1628 eadem
1246 1579 1468 1628 ratione
1490 1575 1780 1629 confectus
1800 1577 1889 1637 est,
1911 1593 2028 1641 qua
2046 1580 2094 1628 is
2114 1593 2286 1641 quem
2305 1578 2491 1630 Witti-

336 1649 499 1700 chius
525 1648 617 1698 hic
644 1647 946 1711 conspexit,
973 1649 1070 1698 vix
1097 1646 1414 1698 admodum
1439 1654 1592 1698 ratas
1618 1647 1880 1710 nullique
1902 1646 2148 1699 fallaciae
2168 1643 2189 1715 ΙΙ
2210 1648 2492 1700 obnoxias
2541 1659 2568 1702 8

336 1722 459 1770 eius
483 1716 764 1768 beneficio
790 1717 978 1768 licebit
999 1717 1254 1768 obtinere
1275 1716 1579 1768 distantias.
1607 1717 1942 1781 Impossibile
1963 1720 2119 1769 enim
2139 1717 2213 1769 est
2233 1733 2304 1769 ex
2322 1721 2492 1770 vnico

336 1788 521 1846 ocu10,
540 1790 689 1838 circa
704 1787 984 1839 Centrum
999 1786 1358 1838 Instrumenti
1373 1786 1710 1850 quiescente,
1724 1787 1995 1839 binarum
2008 1786 2333 1848 Stellarum,
2347 1803 2491 1852 prae-
2541 1806 2586 1841 20

335 1858 522 1909 sertim
550 1857 590 1908 fi
618 1859 954 1908 remotiores
983 1859 1235 1908 inuicem
1263 1856 1490 1916 fuerint,
1523 1856 1748 1908 diuersa
1778 1856 1944 1908 fimul
1970 1857 2200 1921 praecise
2233 1860 2492 1909 contueri

334 1928 477 1979 loca.
509 1927 633 1978 Nec
662 1929 818 1978 enim
846 1926 1129 1978 Centrum
1153 1925 1304 1977 visus
1331 1926 1546 1978 Centro
1576 1926 1935 1978 Instrumenti
1964 1933 2095 1991 apte
2123 1930 2274 1978 vniri
2301 1928 2491 1992 potest,

336 2004 435 2048 aut
460 2012 562 2061 per
586 1996 731 2047 vllas
756 1996 1086 2047 Parallaxes
1114 1995 1242 2047 1180
1270 1995 1593 2048 differentia
1617 1996 1747 2048 satis
1773 1999 2186 2049 conuenienter
2215 1997 2491 2058 excusari;

335 2067 461 2118 Nec
486 2066 708 2130 pupilla
728 2066 899 2117 Oculi
918 2068 979 2117 in
997 2065 1316 2117 maioribus
1341 2065 1644 2131 interstitijs
1667 2065 1834 2118 binas
1855 2066 2058 2119 Stellas
2084 2068 2363 2119 intuendo
2390 2070 2492 2119 im-

334 2144 494 2188 mota
507 2143 718 2195 manet,
733 2136 884 2187 vnde
899 2135 1181 2187 Centrum
1194 2135 1346 2187 visus
1360 2138 1534 2187 etiam
1548 2136 1978 2199 aliquantulum
1991 2139 2234 2197 variare,
2255 2138 2491 2189 necessa-
2541 2155 2585 2190 2⁵

335 2209 487 2257 rium
508 2206 716 2257 euadit.
739 2206 863 2257 Imo
877 2221 1032 2265 ver0,
1054 2205 1211 2268 quod
1230 2207 1292 2256 in
1311 2205 1423 2257 hoc
1442 2205 1629 2257 subtili
1649 2208 1880 2270 negotio
1900 2209 2096 2270 magni
2109 2209 2389 2258 momenti
2403 2207 2493 2267 est,

336 2291 468 2327 cum
493 2291 614 2326 non
633 2278 899 2338 vtrinque
920 2275 1191 2338 quaelibet
1211 2275 1386 2327 Stella
1412 2278 1562 2327 circa
1581 2276 1983 2327 Pinnacidium
2007 2291 2110 2340 per
2131 2276 2371 2328 rimulas
2391 2277 2494 2328 Pa-

335 2345 564 2397 rallelas
591 2345 950 2408 aequabiliter
976 2345 1027 2395 &
1051 2344 1318 2396 bifariam
1342 2343 1488 2397 sec'ta
1513 2345 1906 2410 conspiciatur,
1936 2352 2127 2398 vtrum
2155 2353 2390 2411 accepta
2414 2347 2494 2398 di-

334 2415 536 2467 stantia
567 2414 708 2466 iusto
739 2417 927 2466 maior
957 2417 1225 2466 minorue
1256 2414 1440 2475 fuerit,
1472 2430 1847 2479 nequaquam
1879 2423 2032 2468 certo
2065 2416 2351 2468 constabit.
2387 2417 2494 2468 Ex·

336 2487 583 2549 cogitaui
614 2487 808 2548 itaque
836 2484 1029 2548 postea
1055 2485 1238 2536 alium
1267 2484 1553 2537 Sextantis
1581 2485 1925 2537 conficiendi
1953 2486 2210 2546 modum,
2244 2501 2495 2550 eumque
2543 2505 2589 2540 30

335 2555 696 2615 bifurcatum,
717 2557 796 2606 ita
814 2561 873 2605 vt
891 2569 994 2618 per
1011 2554 1180 2606 binos
1202 2555 1613 2607 Obseruatores
1633 2555 1903 2619 quaelibet
1923 2556 2098 2608 Stella
2116 2555 2343 2608 seorfim
2362 2571 2494 2608 con·
2543 2562 2571 2604 ἢ»

334 2625 656 2688 spiceretur,
675 2627 941 2688 vtrinque
960 2639 1063 2688 per
1076 2624 1193 2677 duo
1208 2624 1433 2677 diuersa
1445 2625 1796 2677 Pinnacidia.
1819 2625 2015 2688 Quam
2030 2628 2204 2678 etiam
2218 2626 2494 2678 construc-

335 2697 507 2746 tionis
521 2696 806 2746 rationem
819 2694 1118 2746 Wittiehio
1133 2695 1274 2746 dum
1289 2694 1385 2746 hic
1401 2695 1651 2759 praesens
1671 2696 1811 2755 esset,
1832 2698 2051 2759 aperui,
2071 2696 2305 2760 postque
2325 2695 2496 2760 ipfius

337 2764 622 2816 discessum
647 2764 993 2816 eiuscemodi
1012 2764 1345 2816 Sextantem
1369 2767 1563 2829 parari
1588 2768 1806 2822 curaui,
1834 2767 1934 2829 qui
1958 2765 2093 2818 sane
2114 2765 2244 2817 satis
2265 2764 2496 2818 exactus

338 2841 473 2893 erat,
490 2834 541 2885 &
555 2834 862 2886 Stellarum
875 2834 1195 2886 interuallis
1210 2837 1350 2886 citra
1363 2850 1599 2886 omnem
1612 2834 1927 2887 sensibilem
1939 2850 2193 2887 errorem
2204 2835 2497 2900 capiendis
2544 2854 2589 2889 35

337 2903 663 2955 sufficiebat.
685 2904 904 2955 Verum
930 2919 1064 2955 cum
1088 2904 1190 2956 sua
1214 2903 1550 2956 traetatione
1575 2905 1753 2969 paulo
1780 2904 2067 2957 difficilior
2090 2905 2141 2956 &
2162 2905 2497 2957 laboriosior

339 2975 478 3033 esset‚
504 2989 611 3025 nec
636 2973 765 3025 satis
791 2976 902 3025 cito
927 2977 1223 3038 negotium
1243 2975 1550 3038 expediret,
1577 2974 1670 3026 hic
1691 2977 1865 3026 etiam
1884 2974 2127 3027 Sextans
2147 2976 2303 3039 apud
2321 2990 2416 3026 me
2435 2978 2496 3026 in

338 3043 439 3094 vsu
465 3044 566 3094 esse
592 3043 763 3108 defijt.
791 3043 965 3106 Quod
985 3043 1024 3094 fi
1043 3044 1189 3095 Tuae
1210 3044 1573 3096 Celfitudinis
1594 3044 2038 3096 Instrumentum
2062 3045 2136 3096 ad
2163 3047 2288 3096 eius
2309 3044 2495 3096 simili-

338 3113 598 3165 tudinem
630 3112 952 3165 confectum
984 3113 1057 3165 est
1089 3113 1250 3177 (nam
1282 3114 1480 3166 Ideam
1510 3114 1685 3165 huius
1713 3114 2011 3166 Wittichio
2043 3114 2137 3166 hic
2167 3115 2496 3174 monstraui,

340 3198 473 3247 quae
498 3182 598 3246 ipfi
623 3182 962 3247 perplacuit)
988 3199 1110 3234 non
1128 3183 1326 3235 dubito
1347 3186 1489 3247 quin
1509 3183 1784 3235 distantiae
1803 3199 1906 3249 per
1925 3199 2061 3236 eum
2080 3192 2329 3249 acceptae
2349 3183 2496 3236 recte
2545 3202 2591 3237 40

339 3252 393 3304 se
425 3251 693 3311 habeant,
725 3252 854 3304 licet
883 3253 1062 3316 paulo
1093 3252 1382 3304 difficilius
1411 3252 1463 3304 81
1490 3253 1709 3305 tardius
1738 3253 1819 3316 (vt
1846 3253 1986 3317 dixi)
2016 3253 2398 3306 obtineantur.
2425 3254 2498 3305 Vt

339 3325 533 3386 itaque
559 3329 683 3373 tum
709 3337 962 3373 errorem
988 3337 1239 3382 omnem,
1269 3330 1392 3374 tum
1422 3325 1596 3374 etiam
1625 3322 2020 3375 difficultatem
2043 3326 2105 3375 in
2130 3323 2242 3375 hoc
2267 3325 2497 3388 negotio

2302 3393 2496 3445 dextre
