2748 4204
156 1167 196 1202 10

154 1523 194 1557 15

150 1878 196 1914 20

150 2235 194 2270 25

148 2869 199 2912 18

149 2948 194 2983 35

148 3304 193 3339 40

1048 366 1294 418 LIBER
1321 367 1643 420 PRIMUS
2379 374 2446 425 45

247 508 578 563 Declinatio
599 508 656 560 10
675 522 754 572 gr.
775 507 844 558 44
865 509 1006 558 min.
1028 507 1344 560 interuallo
1366 508 1674 561 Horarum
1697 517 1840 574 part.
1863 511 1911 563 2.
1934 514 2075 564 min.
2098 514 2182 573 55,
2211 514 2446 579 indaga-

245 589 353 642 tur,
375 580 687 632 Cometam
706 580 770 629 in
789 577 892 629 suo
906 578 1070 629 Arcu
1088 582 1327 643 proprio
1348 581 1653 643 processisse
1675 581 1759 635 122}
1774 585 1915 634 min.
1932 598 2068 634 cum
2082 587 2309 636 ratione
2324 601 2445 636 mo-

245 660 336 704 tus
358 651 569 709 diurni,
591 651 692 713 qui
713 655 836 700 erat
857 650 973 713 lgr.
990 649 1058 701 53
1075 652 1216 701 min.
1239 650 1510 702 debuisset
1530 654 1754 703 interea
1774 653 2068 705 absoluisse
2095 655 2182 708 13-4}
2201 658 2444 715 minuta,

245 723 495 786 ideoque
523 720 574 772 8(
599 720 695 771 hic
720 726 916 771 motus
943 735 1236 784 apparens
1261 737 1386 772 non
1409 722 1663 773 multum
1683 723 1832 775 vltra
1851 728 2091 776 vnicum
2111 725 2445 791 scrupulum

246 793 434 846 differt
453 808 490 844 a
508 797 674 843 motu
693 806 852 852 verO,
873 791 1045 856 longe
1065 794 1280 843 maiori
1300 792 1340 843 fi
1360 808 1542 857 prope
1557 794 1856 846 Lunarem
1870 795 2179 860 Sphaeram
2194 799 2446 851 extitisset

245 865 339 917 hic
371 863 636 923 Cometa,
675 863 967 914 incidente
1001 863 1344 915 diuersitate.
1386 864 1548 915 Idem
1579 865 1820 917 vlterius
1855 882 1959 930 per
1992 867 2445 921 obseruationes

246 935 449 988 Mense
478 933 810 986 Nouembri
842 932 1022 986 factas
1053 935 1491 998 comprobatur;
1526 936 1686 987 Nam
1716 936 1830 987 Die
1862 938 2117 989 eiusdem
2147 939 2366 991 Menfis
2394 942 2442 993 5.

245 1007 393 1059 Hor.
414 1007 462 1059 7.
490 1008 696 1057 minut.
717 1004 787 1057 50
806 1005 938 1056 PM.
961 1004 1343 1069 depraehensa
1371 1006 1445 1057 est
1465 1006 1736 1058 Ascenfio
1764 1006 1938 1060 Recta
1966 1009 2231 1061 Cometae
2258 1026 2336 1075 gr.
2359 1011 2442 1064 39.

243 1081 383 1130 min.
404 1077 490 1138 28,
517 1076 569 1128 8(
596 1075 930 1128 Declinatio
957 1083 1100 1141 part.
1123 1077 1208 1128 22.
1234 1075 1268 1142 l.
1290 1077 1359 1128 24
1380 1078 1587 1129 Borea.
1617 1078 1789 1130 Hora
1808 1095 1949 1131 vero
1971 1080 2042 1132 13.
2064 1083 2205 1132 min.
2226 1081 2311 1142 30,
2338 1082 2444 1133 fuit

245 1149 452 1202 eadem
465 1147 736 1200 Ascenfio
750 1154 895 1212 part.
910 1147 994 1199 39.
1007 1151 1148 1200 min.
1161 1148 1277 1208 38}‚
1294 1148 1345 1199 8(
1360 1149 1695 1201 Declinatio
1709 1157 1853 1214 part.
1866 1151 1951 1202 22.
1964 1154 2105 1202 min.
2119 1152 2217 1205 29}
2232 1153 2442 1205 Borea:

245 1220 617 1284 Quapropter
647 1218 840 1283 spacio
870 1220 902 1271 5
934 1219 1258 1280 Horarum,
1292 1220 1363 1271 40
1391 1222 1759 1272 minutorum
1788 1224 2089 1274 inuenitur
2116 1226 2179 1274 in
2207 1227 2444 1288 proprio

244 1289 420 1344 ductu
449 1290 743 1342 absoluisse
776 1287 810 1355 l.
842 1291 932 1350 1122„
968 1305 1102 1341 cum
1132 1289 1390 1355 respectu
1419 1298 1614 1343 motus
1644 1292 1840 1344 diurni
1871 1293 1995 1357 (qui
2026 1293 2337 1346 collatione
2367 1295 2444 1347 se-

244 1364 473 1427 quentis
494 1362 609 1413 diei
629 1360 737 1412 fuit
756 1361 826 1413 50
846 1361 1011 1424 min.)
1040 1362 1311 1414 debuisset
1336 1365 1561 1415 interea
1588 1363 1876 1416 conficere
1900 1365 1990 1424 113,
2019 1365 2322 1417 deficiente
2343 1366 2445 1418 sal-

242 1442 359 1486 tem
372 1436 435 1485 in
451 1432 874 1486 Obseruatione
895 1432 1140 1484 dimidio
1160 1433 1431 1498 scrupulo
1446 1450 1483 1486 a
1496 1442 1662 1486 motu
1676 1451 1834 1496 vem,
1857 1436 2107 1500 ideoque
2125 1437 2446 1489 Parallaxis

242 1521 392 1571 pene
417 1503 756 1556 insensibilis
784 1504 998 1556 euadit.
1026 1506 1104 1556 At
1131 1504 1171 1556 fi
1196 1505 1725 1570 praesupponamus
1751 1506 2062 1559 Cometam
2088 1511 2150 1559 in
2176 1512 2446 1573 proxima

242 1582 403 1642 parte
430 1576 681 1627 Lunaris
710 1575 884 1628 Orbis
915 1577 1164 1636 extitisse,
1195 1577 1532 1629 Parallaxin
1562 1581 1625 1629 in
1653 1585 1819 1630 motu
1848 1582 2086 1644 proprio
2112 1595 2216 1643 per
2240 1579 2444 1632 Trian-

242 1647 514 1713 gulorum
539 1647 1015 1712 supputationem
1042 1648 1365 1700 obtinuisset
1390 1649 1490 1703 47}
1510 1652 1650 1701 min.
1674 1650 1833 1714 quod
1858 1650 1991 1715 plus
2016 1651 2199 1702 tribus
2226 1654 2446 1715 quartis

242 1721 415 1771 vnius
428 1718 642 1784 gradus
653 1718 727 1770 ab
741 1718 1167 1771 Obseruatione
1183 1719 1460 1780 abundat,
1476 1728 1716 1785 tamque
1729 1721 1972 1773 euidens
1985 1722 2284 1774 diuersitas
2298 1725 2447 1774 inter

242 1797 470 1843 motum
488 1805 697 1842 verum
718 1789 769 1841 8(
790 1797 1190 1855 apparentem,
1213 1791 1253 1842 fi
1275 1806 1345 1843 ea
1366 1807 1577 1844 reuera
1604 1793 1873 1853 extitisset,
1902 1793 2240 1845 nullatenus
2266 1794 2445 1846 latere

242 1865 449 1927 potuit;
477 1862 636 1926 quod
662 1864 875 1913 maiori
902 1861 1098 1914 adhuc
1118 1862 1446 1914 discrimine
1468 1863 1582 1915 Die
1604 1864 1637 1915 6
1656 1867 1923 1928 proxime
1944 1864 2217 1928 sequente
2239 1865 2445 1917 confir-

242 1939 451 1986 matur.
480 1933 638 1985 Cum
665 1936 824 1985 enim
852 1933 1025 1985 Hora
1045 1934 1093 1985 6.
1115 1937 1258 1986 min.
1280 1936 1329 1987 5.
1354 1934 1533 1986 suisset
1553 1935 1824 1987 Ascenfio
1852 1933 2027 1987 Rec'ta
2052 1952 2130 2000 gr.
2153 1936 2237 1987 40.
2263 1934 2296 2001 l.
2318 1937 2367 1997 9,
2395 1936 2446 1988 &

243 2004 575 2057 Declinatio
601 2011 746 2069 part.
768 2005 853 2057 22.
884 2002 918 2070 l.
942 2005 1026 2065 52,
1056 2005 1265 2057 eadem
1292 2006 1564 2058 Ascenfio
1592 2005 1781 2067 Recta,
1811 2007 1959 2059 Hor.
1982 2008 2053 2059 14.
2081 2010 2221 2059 min.
2249 2009 2334 2068 55,
2362 2011 2445 2059 in-

242 2082 422 2128 uenta
441 2076 516 2128 est
535 2076 693 2141 grad.
714 2077 799 2128 40.
820 2079 963 2128 min.
985 2077 1088 2136 211,
1110 2077 1163 2129 8(
1184 2077 1519 2130 Declinatio
1540 2085 1685 2143 part.
1707 2078 1790 2130 23.
1812 2081 1953 2130 min.
1975 2079 2024 2130 4.
2054 2078 2254 2142 Quare
2275 2082 2446 2131 inter-

242 2147 404 2199 uallo
425 2148 732 2199 Horarum
746 2148 795 2200 8.
817 2151 1024 2200 minut.
1040 2149 1126 2209 50,
1147 2155 1343 2201 motus
1360 2149 1627 2202 Cometae
1648 2165 1940 2214 apparens
1961 2153 2023 2201 in
2042 2150 2145 2202 suo
2167 2149 2342 2203 duc'tu
2362 2150 2442 2203 16-‹3›

242 2221 607 2271 minutorum
628 2219 1121 2284 depraehenditur,
1144 2223 1246 2285 qui
1266 2223 1431 2272 iuxta
1452 2221 1682 2272 cursum
1704 2222 1984 2273 diurnum
2006 2221 2219 2285 (qualis
2240 2222 2313 2274 ab
2334 2221 2447 2273 hoc

242 2290 334 2342 die
360 2293 423 2342 in
447 2290 786 2355 sequentem
811 2293 963 2343 inter
990 2292 1317 2344 consimiles
1340 2293 1607 2344 Cometae
1628 2292 1843 2357 positus
1864 2293 1933 2344 46
1952 2296 2159 2344 minut.
2183 2293 2448 2345 obserua-

241 2361 433 2425 batur)
445 2365 812 2414 minutorum
824 2363 896 2415 16.
909 2363 1300 2415 secundorum
1312 2364 1382 2415 56
1394 2365 1497 2416 esse
1510 2365 1723 2425 debuit,
1740 2367 1821 2416 ita
1831 2371 1891 2415 vt
1902 2380 2025 2416 non
2037 2365 2211 2428 plene
2225 2365 2445 2429 dimidij

241 2432 492 2498 scrupuli
512 2436 740 2486 ratione
761 2434 1156 2495 ParallaerS,
1178 2438 1241 2487 in
1261 2442 1428 2487 motu
1448 2438 1756 2501 apparenti
1770 2452 1807 2488 a
1820 2451 1961 2487 vero
1982 2435 2155 2487 fuerit
2175 2434 2446 2487 defectus.

241 2505 320 2556 At
344 2504 517 2570 longe
543 2508 735 2557 maior
761 2508 1014 2558 varietas
1040 2508 1351 2559 necessario
1378 2514 1800 2572 procrearetur,
1828 2510 1890 2558 in
1916 2515 2037 2558 tam
2065 2507 2308 2558 dissimili
2336 2507 2447 2559 Co-

242 2582 414 2628 metae
441 2576 548 2628 fitu
568 2576 620 2628 8(
639 2583 803 2629 131110
829 2581 1110 2642 temporis
1136 2579 1468 2638 interua110,
1497 2579 1537 2630 fi
1562 2582 1625 2630 in
1651 2581 1923 2644 proxima
1949 2581 2315 2630 concauitate
2337 2579 2447 2630 Lu-

242 2650 402 2700 naris
423 2647 696 2713 Regionis
717 2648 950 2701 cursum
970 2649 1304 2702 absoluisset.
1334 2650 1457 2702 Illic
1485 2653 1644 2702 enim
1664 2666 1768 2714 per
1788 2650 2225 2714 Sphaericorum
2243 2649 2446 2701 Trian-

242 2718 515 2784 gulorum
542 2719 1086 2773 Demonstrationes
1111 2724 1175 2773 in
1200 2738 1482 2774 numeros
1509 2722 1804 2781 resolutaS,
1832 2721 2168 2773 Parallaxin
2194 2722 2447 2773 incidere

243 2792 448 2856 integri
467 2791 682 2856 gradus
702 2791 755 2843 8(
774 2792 1027 2857 scrupuli
1047 2796 1239 2851 vuius,
1261 2793 1628 2845 manifestum
1653 2793 1866 2844 euadit.
1889 2788 1909 2860 ΙΙ

313 2862 464 2914 Haec
484 2878 626 2914 vero
646 2862 797 2915 adeo
817 2864 1053 2929 insignis
1070 2867 1132 2916 111
1149 2872 1317 2916 motu
1331 2867 1639 2929 apparenti
1653 2864 1970 2924 diuerfitaS‚
1991 2863 2086 2914 vel
2099 2863 2220 2915 solo
2234 2866 2448 2915 intuitu

242 2932 317 2984 ad
349 2936 573 2986 vicinas
606 2934 780 2986 Fixas
812 2935 1195 3000 depraehendi
1227 2937 1501 3000 potuisset‚
1539 2936 1760 2987 nedum
1791 2942 1851 2987 vt
1883 2935 2278 2986 Instrumentis
2312 2951 2446 2999 quae

241 3003 647 3069 scrupulorum
666 3009 996 3071 primorum
1016 3007 1243 3072 aliquot
1263 3015 1457 3072 partes
1474 3007 1576 3059 sua
1589 3006 1994 3072 magnitudine
2011 3005 2303 3066 exhibent,
2325 3022 2447 3058 non

242 3075 684 3141 dignosceretur.
712 3078 806 3130 Ne
832 3094 975 3130 vero
1003 3082 1134 3144 quis
1160 3079 1473 3144 suspicetur
1498 3094 1602 3143 per
1623 3076 2003 3130 Refractionis
2027 3078 2448 3142 impedimenta

242 3149 504 3208 euenisse,
524 3154 585 3200 vt
606 3149 857 3202 Cometa
877 3149 973 3201 hic
993 3158 1378 3215 apparentem
1403 3157 1633 3202 motum
1659 3150 1809 3202 adeo
1837 3149 2202 3201 conformem
2227 3165 2367 3200 vero
2396 3148 2447 3199 &

241 3218 454 3270 diurno
484 3219 674 3272 cursui
703 3222 1131 3286 proportionali
1160 3225 1533 3286 promotione
1563 3222 1820 3282 seruant,
1850 3221 2155 3285 selegimus
2183 3236 2320 3272 eum
2346 3235 2445 3284 po-

239 3290 508 3342 tissimum
528 3290 713 3352 fitum,
734 3294 797 3344 in
818 3308 938 3357 quo
957 3300 1080 3345 tam
1100 3293 1215 3345 alte
1235 3293 1409 3357 supra
1423 3293 1817 3344 Horizontem
1835 3292 2180 3352 eleuaretur,
2202 3298 2262 3343 vt
2282 3291 2447 3342 nulla

240 3359 513 3414 sensibilis
534 3362 822 3416 Refrac’tio
849 3367 934 3416 rei
960 3365 1249 3428 inquifitae
1271 3364 1677 3416 certitudinem
1697 3362 2045 3415 labefactare
2071 3364 2258 3427 posset.
2287 3363 2446 3413 Nam

241 3430 354 3484 Die
375 3432 431 3485 18
452 3432 719 3486 octobris
739 3437 801 3486 in
821 3438 1004 3500 priori
1026 3435 1450 3488 Obseruatione
1477 3435 1584 3486 fuit
1604 3435 1869 3486 Altitudo
1893 3435 2158 3486 Cometae
2183 3434 2282 3486 37⁷}
2300 3441 2444 3515 part.

2382 3519 2445 3554 in
