2748 4204
1021 323 1267 375 LIBER
1293 325 1618 379 PRIMUS
2331 329 2423 382 219

223 468 292 513 ob
315 466 638 511 uicinitatem
663 464 951 519 quandam,
980 466 1139 517 atque
1165 463 1482 508 affinitatem
1503 465 1571 507 ad
1592 466 1831 509 amussim
1857 466 2167 519 imitaretur,
2197 479 2425 522 corpora

225 527 401 577 solida,
430 535 658 579 eumque
680 523 846 566 subito
867 522 1111 566 cadendo
1132 524 1464 577 penetrantia
1486 524 1663 567 secum
1685 525 1860 569 adhuc
1882 526 2134 570 celeriore
2156 530 2306 571 motu
2325 531 2428 570 tra-

223 587 350 630 here
370 584 550 640 potest.
578 584 638 626 Et
658 583 693 625 si
714 593 944 637 corpora
964 581 1056 624 ista
1076 593 1171 636 per
1192 582 1257 634 se,
1286 583 1361 625 uti
1379 582 1422 625 is
1442 583 1623 635 uoluit,
1651 584 1919 627 scientiam
1941 589 2118 629 motus
2137 586 2338 630 habent
2358 587 2427 630 ad

109 645 191 690 189
221 644 571 689 imitationem
595 642 772 693 totius,
801 643 906 696 qua
927 641 1108 695 sponte
1130 640 1648 701 circumgy-ssrantur‚
1676 643 1728 686 id
1752 645 1895 698 quod
1914 645 1966 687 in
1986 645 2148 697 Auro,
2177 647 2218 688 81
2247 646 2428 690 Metal-

152 713 173 749 5

134 1010 176 1046 10

136 1308 177 1343 15

134 1603 180 1640 20

136 1903 180 1937 25

136 2497 182 2533 35

135 2794 182 2830 40

136 3092 181 3128 45

222 704 349 755 licis,
383 702 752 756 similibusque,
787 713 818 744 a
852 699 1075 743 matrice
1106 700 1195 743 sua
1228 701 1503 756 exemptis,
1535 703 1576 744 ἃ
1604 702 1714 745 uim
1743 703 2056 747 Naturalem
2087 705 2427 749 nihilominus

222 762 655 809 conseruantibus
683 760 1085 816 quodammodo
1113 760 1293 804 locum
1320 761 1514 804 mereri
1541 765 1700 815 queat
1725 762 1779 818 (si
1809 762 2085 818 assumptio
2106 775 2235 807 uera
2255 764 2430 822 foret.)

221 824 421 867 Tamen
445 822 500 864 in
524 820 785 876 lapidibus
805 820 835 863 e
854 819 1035 862 radice
1056 819 1147 862 sua
1168 820 1375 872 auulfis,
1404 819 1618 875 iamque
1645 822 1916 873 emortuis,
1946 823 1986 865 81
2013 822 2159 877 lignis
2187 824 2426 876 abscissis,

224 882 502 937 aridisque,
536 880 578 923 81
609 879 929 923 eiuscemodi
961 878 1090 935 alijs‚
1124 880 1230 923 tale
1263 879 1389 934 quid
1421 880 1645 923 concedi
1676 881 1973 924 nullatenus
2003 883 2209 936 poterit.
2246 883 2429 938 Neque

223 943 366 987 enim
392 941 542 996 uigor
569 939 730 983 totius
760 938 1000 993 corporis
1029 938 1169 982 hisce
1198 939 1436 993 partibus
1465 939 1692 994 amplius
1721 940 1996 994 aequaliter
2023 941 2163 984 inest.
2199 943 2258 985 Et
2288 943 2428 996 quid,

225 1001 419 1058 quaeso,
446 1000 554 1051 fiet,
576 1000 611 1042 fi
630 999 917 1042 Tormento
939 998 1293 1042 Bombardico
1314 998 1507 1053 majori
1525 999 1706 1042 uersus
1727 998 1918 1042 Ortum
1939 999 2153 1052 directo,
2182 1002 2430 1056 exploda-

223 1065 309 1106 tur
327 1060 513 1117 globus
532 1059 752 1109 ferreus,
775 1058 863 1101 seu
883 1057 1181 1112 plumbeus,
1204 1058 1309 1101 siue
1329 1057 1492 1101 etiam
1512 1057 1767 1113 lapideus,
1790 1062 1948 1112 atque
1967 1071 2033 1102 ex
2048 1071 2112 1103 eo
2127 1060 2235 1114 ipso
2250 1061 2430 1104 uersus

224 1120 474 1166 occasum
499 1119 554 1162 in
579 1118 771 1163 eodem
796 1118 918 1161 loco
945 1117 1204 1172 disposito,
1231 1117 1390 1172 idque
1416 1117 1661 1172 utrinque
1689 1118 1757 1160 ad
1780 1118 1973 1172 pariles
1993 1130 2117 1161 cum
2140 1119 2430 1163 Horizonte

223 1181 455 1236 Angulos
480 1176 717 1232 respectu
744 1176 934 1232 prioris
962 1176 1315 1220 inclinationis
1345 1177 1585 1220 eleuato?
1611 1177 1692 1219 An
1721 1177 1835 1220 fieri
1864 1177 2004 1232 posse
2033 1179 2343 1233 putandum,
2374 1183 2432 1222 ut

224 1241 410 1297 globus
434 1238 680 1292 utrinque
705 1237 895 1280 eadem
921 1236 1153 1291 pulueris
1180 1236 1473 1291 quantitate
1493 1237 1534 1279 8ι
1554 1237 1604 1292 uj
1627 1237 1834 1280 emissus
1859 1238 2173 1280 tantundem
2199 1238 2251 1280 in
2270 1238 2431 1281 Terra

225 1300 464 1356 permeet
483 1297 646 1353 spatij,
669 1297 737 1341 ob
754 1296 1067 1340 Naturalem
1081 1299 1260 1340 motus
1282 1295 1553 1339 scientiam
1574 1298 1680 1351 qua
1700 1297 1886 1351 globus
1906 1296 2121 1350 quilibet
2141 1298 2170 1340 e
2188 1297 2434 1341 terrestri-

227 1361 325 1404 bus
349 1359 614 1402 formatus
637 1359 810 1400 totam
828 1356 1048 1399 Terram
1074 1355 1556 1399 concomitaretur?
1583 1356 1684 1399 Vbi
1709 1355 1863 1410 igitur
1887 1356 2124 1399 manebit
2143 1356 2432 1400 uiolentissi-

226 1431 347 1463 mus
371 1418 456 1462 ille
481 1419 659 1460 motus
684 1427 714 1459 e
738 1416 957 1471 puluere
977 1415 1333 1459 Bombardico
1359 1418 1555 1470 praeter
1577 1415 1837 1458 Naturam
1858 1415 2170 1468 concitatus,
2200 1416 2289 1471 qui
2313 1417 2433 1460 sane

228 1477 379 1523 alteri
396 1477 469 1520 illi
489 1475 744 1528 Naturali,
767 1487 872 1530 quo
892 1475 1054 1518 Terra
1072 1475 1126 1518 in
1147 1487 1338 1530 gyrum
1357 1475 1494 1518 uerti
1513 1475 1745 1527 deberet,
1767 1478 1883 1518 utut
1903 1476 2198 1519 admodum
2217 1475 2431 1531 pernici,

229 1536 630 1594 quodammodo
657 1535 884 1578 aemulus
911 1534 1010 1578 est?
1040 1535 1171 1578 Sunt
1195 1535 1349 1590 igitur
1373 1535 1483 1578 iam
1508 1534 1562 1577 in
1590 1534 1761 1579 Globo
1791 1535 1859 1578 fic
1889 1535 2067 1578 emisso
2096 1538 2203 1578 tres
2232 1539 2431 1579 motus:

227 1598 390 1650 Vnus,
421 1607 526 1651 quo
555 1596 599 1639 is
626 1594 833 1638 ratione
859 1594 1131 1650 grauitatis
1157 1606 1253 1650 per
1276 1595 1473 1638 lineam
1499 1593 1701 1638 rectam
1729 1594 1979 1638 Centrum
2003 1594 2180 1638 Terrae
2210 1598 2430 1649 peteret:

227 1659 374 1702 Alter
393 1667 499 1711 quo
518 1667 614 1710 per
633 1654 991 1706 conscensum,
1017 1654 1178 1697 totius
1197 1654 1375 1698 Terrae
1396 1654 1831 1698 conuolutionem
1853 1654 1922 1697 ad
1942 1654 2180 1698 amussim
2206 1654 2434 1698 imitare-

226 1721 333 1761 tur:
360 1716 563 1759 Tertius
588 1725 718 1758 uero
744 1713 845 1766 ille,
874 1714 963 1768 qui
988 1713 1048 1757 fit
1072 1725 1169 1769 per
1192 1713 1518 1765 uiolentiam,
1548 1726 1712 1768 quam
1736 1714 1817 1757 uis
1844 1714 1976 1756 Nitri
2003 1714 2360 1768 sulphurisata,
2391 1714 2433 1757 81

228 1775 550 1821 carbonibus
568 1774 920 1826 inflammata,
941 1773 1101 1817 instar
1118 1773 1350 1825 Tonitru‚
1373 1777 1425 1818 et
1445 1773 1710 1826 Fulminis,
1733 1773 1872 1829 cogit
1886 1773 2102 1829 globum
2117 1773 2433 1828 rapidissimo

228 1837 429 1892 impetu
442 1846 507 1880 eo
522 1845 754 1890 pergere,
772 1845 877 1888 quo
891 1833 1111 1877 minime
1126 1833 1306 1889 suapte
1321 1834 1526 1877 Natura
1539 1834 1711 1877 uellet.
1735 1833 1971 1888 Cumque
1986 1833 2028 1876 is
2042 1832 2435 1877 uiolentissimus

229 1899 406 1941 motus
429 1896 670 1945 alterum,
699 1905 804 1948 quo
826 1893 1008 1949 grauia
1028 1893 1332 1945 necessario,
1360 1894 1402 1936 81
1428 1893 1740 1937 naturaliter
1764 1892 1907 1937 recta
1934 1893 2269 1943 descendunt,
2298 1893 2434 1936 adeo

228 1955 497 2011 impediat,
518 1956 577 1997 ut
595 1953 686 1997 nisi
706 1953 819 2008 post
838 1954 991 2008 longe
1011 1954 1285 1997 emensum
1307 1953 1547 2008 spatium,
1569 1953 1678 1997 imo
1693 1952 1783 1996 uix
1798 1953 2011 2007 quidem
2028 1955 2314 2007 antequam
2328 1951 2436 1995 uio-

228 2015 389 2060 lentia
408 2015 497 2058 illa
516 2014 567 2057 se
586 2012 856 2065 remiserit,
878 2016 1038 2067 atque
1057 2013 1111 2056 in
1132 2013 1364 2068 quietem
1384 2013 1644 2068 paulatim
1658 2012 1877 2064 desierit,
1899 2012 2118 2055 Terram
2133 2011 2436 2067 contingere

228 2074 391 2131 possit,
413 2073 670 2129 quidnam
690 2072 885 2127 quaeso,
907 2072 1163 2116 obtinebit
1183 2073 1441 2116 secundus
1461 2073 1546 2116 ille
1567 2075 1760 2124 motus,
1784 2072 1818 2114 si
1840 2073 1880 2114 81
1901 2072 1944 2115 is
1964 2071 2218 2114 naturalis
2232 2071 2353 2114 esset
2365 2071 2436 2127 (in

229 2134 509 2179 circuitum
529 2132 775 2175 uidelicet
794 2132 1122 2190 conuolutio)
1141 2132 1408 2189 priuilegij,
1432 2135 1490 2175 ut
1508 2132 1562 2175 in
1581 2133 1718 2176 Aere
1739 2132 1900 2175 etiam
1920 2134 2033 2174 tam
2052 2131 2196 2174 tenui
2216 2142 2311 2185 per
2329 2130 2437 2174 uio-

229 2193 560 2238 lentissimam
579 2192 726 2235 illam
746 2191 1177 2244 concitationem,
1199 2196 1388 2236 contra
1404 2192 1665 2235 Naturam
1678 2190 1879 2235 factam
1899 2191 2026 2234 nihil
2046 2190 2257 2245 prorsus
2276 2190 2437 2245 impe-

230 2252 432 2298 diatur?
455 2251 786 2307 Experientia
806 2251 949 2295 enim
967 2251 1198 2304 testatur,
1221 2252 1364 2307 quod
1386 2252 1587 2295 Globus
1607 2251 1839 2295 eiusdem
1860 2250 2230 2306 magnitudinis
2251 2250 2292 2291 8ι
2311 2260 2437 2304 pon-

230 2313 385 2365 deris,
419 2323 500 2364 eo,
535 2322 640 2366 quo
673 2310 917 2363 diximus,
952 2312 1134 2364 modo,
1166 2312 1285 2355 uice
1313 2312 1465 2356 uersa
1493 2311 1548 2354 ui
1576 2311 1806 2366 pulueris
1838 2309 2172 2354 bombardici
2204 2308 2435 2353 eiusdem

231 2371 552 2428 quantitatis,
580 2372 622 2414 81
646 2370 934 2414 ualiditatis
959 2371 1183 2423 emissus,
1210 2371 1354 2415 idem
1374 2371 1617 2427 proxime
1638 2371 1861 2425 spatium
1882 2370 1948 2413 de
1968 2369 2240 2424 superficie
2259 2368 2435 2411 Terrae

230 2432 342 2488 post
362 2432 412 2475 se
431 2431 707 2485 relinquat,
727 2433 841 2473 tam
860 2431 1042 2474 uersus
1063 2431 1270 2483 Ortum,
1292 2431 1423 2486 pari,
1444 2431 1520 2474 uti
1541 2430 1663 2482 dixi,
1686 2430 1917 2474 eiusdem
1936 2427 2206 2472 Tormenti
2224 2427 2436 2471 inclina-

229 2492 388 2544 tione,
416 2503 580 2546 quam
598 2490 780 2534 uersus
800 2490 1065 2534 Occasum
1085 2490 1393 2543 eiaculatus,
1421 2491 1558 2534 Aere
1579 2489 1870 2545 praesertim
1892 2488 2011 2531 satis
2031 2487 2313 2541 tranquillo
2334 2486 2437 2529 exi-

230 2551 405 2603 stente,
427 2553 480 2595 et
497 2551 654 2602 hanc,
675 2551 760 2594 uel
781 2550 929 2593 illam
948 2550 1316 2605 impulsionem
1337 2550 1464 2594 nihil
1483 2562 1578 2605 per
1598 2549 1846 2593 accidens
1866 2550 2231 2603 promouente,
2256 2547 2341 2589 uel
2360 2557 2437 2588 re-

227 2611 494 2655 tardante:
511 2621 637 2654 cum
649 2612 833 2653 tamen
848 2610 916 2654 ob
927 2610 1106 2654 Terrae
1121 2613 1330 2654 motum
1346 2611 1594 2653 diurnum
1607 2610 1662 2667 (si
1678 2608 1793 2664 quis
1808 2608 1946 2664 esset)
1961 2606 2433 2656 concitatissimum,

228 2671 415 2727 globus
439 2669 621 2714 uersus
648 2669 839 2713 Ortum
865 2668 1073 2714 emissus
1098 2681 1442 2724 nequaquam
1467 2673 1675 2712 tantum
1702 2668 1846 2723 spatij
1875 2668 1940 2710 de
1967 2665 2240 2721 superficie
2258 2665 2297 2706 T
2299 2676 2435 2708 errae

229 2729 435 2774 emetiri
453 2729 630 2784 posset,
652 2729 1012 2784 praeueniente
1031 2730 1269 2773 nonnihil
1291 2730 1381 2773 suo
1403 2733 1553 2772 motu
1572 2729 1748 2779 Terra,
1772 2731 1930 2781 atque
1950 2726 2008 2774 is,
2031 2725 2119 2780 qui
2138 2725 2318 2768 uersus
2339 2724 2436 2767 Oc—

230 2789 412 2834 casum
430 2788 790 2844 pariformiter
808 2788 1051 2843 explosus
1072 2789 1158 2841 est,
1179 2789 1340 2833 Terra
1360 2792 1486 2832 tunc
1515 2788 1710 2842 aliquid
1737 2788 1801 2830 de
1828 2785 2116 2841 superficie,
2144 2787 2295 2828 motu
2320 2795 2437 2838 pro-

229 2849 344 2904 prio
375 2848 728 2900 subtrahente,
759 2848 800 2890 81
830 2848 899 2892 ob
929 2848 983 2892 id
1010 2849 1236 2904 spatium
1260 2849 1614 2903 interceptum
1641 2849 1879 2902 augente.
1913 2845 2051 2888 Nam
2076 2847 2134 2887 ut
2160 2842 2436 2886 dilucidius

228 2909 348 2952 haec
377 2907 749 2963 intelligantur;
781 2919 811 2951 e
841 2908 1082 2951 maxima
1109 2909 1429 2960 Bombarda,
1461 2920 1625 2963 quam
1652 2906 1918 2961 duplicem
1944 2905 2195 2947 Cartoam
2221 2905 2434 2952 uocant,

230 2968 432 3012 Globus
457 2967 676 3019 ferreus,
708 2968 778 3010 ad
804 2967 1080 3022 obliquum
1106 2968 1331 3020 emissus‚
1362 2968 1500 3011 intra
1527 2967 1632 3010 duo
1660 2966 1864 3009 minuta
1889 2963 2144 3018 temporis
2169 2962 2260 3005 uix
2286 2964 2436 3005 motu

228 3027 383 3072 fessus
401 3027 623 3071 Terram
648 3027 905 3082 pertingit,
934 3027 1124 3082 quibus
1143 3027 1324 3083 uiginti
1343 3027 1507 3070 millia
1529 3026 1769 3082 passuum
1790 3024 2058 3080 majorum
2077 3026 2227 3066 motu
2248 3021 2436 3064 diurno

228 3087 283 3130 in
300 3087 556 3142 parallelo
572 3086 876 3130 Germaniae
896 3087 1149 3131 conuolui
1168 3087 1400 3139 deberet,
1424 3087 1459 3129 fi
1481 3085 1703 3130 motioni
1723 3085 1927 3128 diumae
1949 3082 2181 3127 obnoxia
2198 3081 2318 3124 esset
2330 3081 2438 3123 Tel-

229 3148 326 3190 lus.
354 3146 438 3190 Sic
459 3146 603 3190 enim
622 3146 841 3201 ipsemet
861 3146 1350 3197 ROTHMANNVS,
1372 3146 1666 3200 Principem
1687 3145 1836 3188 suum
1856 3143 1908 3186 in
1929 3142 2228 3197 explofione
2249 3140 2387 3195 globi
2407 3151 2436 3182 e

229 3205 468 3249 maximo
487 3206 773 3250 Tormento
796 3206 1083 3261 aliquando
1103 3206 1399 3261 periculum
1418 3205 1591 3249 fecisse
1616 3203 1882 3261 (quamuis
1907 3214 2015 3246 non
2034 3202 2137 3245 hac
2159 3202 2224 3243 de
2244 3199 2434 3250 caussa,

231 3265 319 3309 sed
339 3265 539 3316 saltem,
559 3268 618 3308 ut
637 3265 878 3320 spatium,
900 3266 941 3309 81
960 3268 1172 3320 tempus
1191 3264 1544 3320 promotionis
1559 3264 1714 3307 Globi
1730 3261 2076 3318 experiretur)
2095 3260 2224 3303 mihi
2243 3259 2437 3302 indica-

231 3325 336 3369 bat.
365 3324 498 3368 Fieri
515 3324 694 3379 itaque
714 3336 822 3368 non
841 3324 1023 3380 potest,
1044 3328 1102 3368 ut
1121 3328 1330 3368 motum
1350 3324 1499 3367 illum
1518 3322 1943 3367 uiolentissimum
1965 3321 2031 3364 ab
2052 3322 2159 3363 una
2180 3321 2329 3373 parte
2350 3318 2437 3360 ad-

231 3384 456 3427 modum
471 3383 768 3428 sensibiliter
782 3387 1018 3440 augeret;
1036 3385 1201 3428 altera
1213 3385 1343 3427 uero
1355 3384 1511 3427 nimis
1523 3383 1795 3426 euidenter
1806 3380 2132 3435 anticiparet.
2150 3378 2267 3430 Quo
2279 3376 2435 3420 unico

374 3455 443 3492 28*
824 3497 827 3499 μ
2053 3442 2435 3505 ArgumentO,
