2748 4204
421 317 488 369 64
769 316 1375 370 EPISTOLARUM
1401 315 2232 370 ASTRONOMICARUM

419 456 711 506 nundinas
731 456 958 506 vltimas
977 455 1258 515 vernaleS‚
1278 455 1422 507 Tuae
1439 455 1802 507 Celfitudinis
1821 455 2014 507 literas
2033 456 2374 519 accepissem,
2394 459 2455 507 in
2475 471 2574 508 eas

379 549 382 553 ·
420 540 552 588 quae
571 528 832 588 proxime
851 525 1233 588 sequebantur
1251 525 1655 585 AutumnaleS‚
1682 524 2013 588 responsum
2038 524 2265 576 differre
2287 526 2574 577 necessitas

419 597 613 658 coegit.
641 595 750 645 Vbi
775 609 914 644 vero
941 596 1090 646 circa
1114 595 1172 645 id
1196 598 1486 658 temporiS,
1514 610 1630 658 quo
1656 595 1730 645 ad
1754 597 2071 657 praeteritas
2095 596 2356 657 proxime
2383 595 2573 658 elapso

417 664 736 722 AutumnO,
759 663 1114 715 Francoforti
1134 664 1446 715 celebratas
1459 664 1752 715 nundinas
1767 663 2123 715 Mercatores
2136 663 2272 714 hinc
2287 678 2357 714 eo
2371 663 2425 714 se
2440 679 2572 715 con-

416 732 562 783 ferre
590 732 818 792 vellent,
851 748 984 784 cum
1013 733 1270 796 quodam
1297 733 1624 796 Bibliopola
1650 733 1845 784 sedulo
1875 734 2109 797 egissem,
2141 740 2201 784 vt
2231 733 2408 796 paulo
2440 740 2573 784 ante

417 802 717 861 discessum‚
744 817 837 853 me
862 805 924 853 in
944 802 1053 854 hac
1074 802 1265 855 Insula
1284 806 1636 862 conueniret,
1662 802 1968 866 secumque
1989 803 2207 854 Literas
2225 802 2290 853 T.
2313 802 2456 854 Cels.
2478 803 2572 854 Se-

417 875 657 922 cretario
679 872 930 923 Cassellis
950 873 1257 923 tradendas
1277 873 1602 936 asportaret.
1630 871 1805 934 Quod
1825 875 1999 923 etiam
2025 872 2120 923 ille
2145 871 2497 935 promiserat,
2523 871 2574 923 &

414 941 677 1003 praestare
692 944 934 992 omnino
949 942 1325 993 constituerat.
1347 942 1457 993 Sed
1472 942 1675 992 accidit
1687 948 1895 1004 praeter
1909 944 2262 1005 opinionem,
2282 948 2341 992 vt
2359 943 2429 1005 ijs
2445 941 2574 1005 ipfis

415 1010 632 1070 diebus,
667 1011 874 1074 quibus
903 1011 986 1062 illi
1014 1011 1128 1062 huc
1157 1012 1549 1063 accedendum
1576 1010 1737 1070 foret,
1770 1011 2009 1062 Illustris.
2039 1011 2306 1074 Princeps
2335 1010 2573 1062 VDAL-

416 1080 636 1132 RICVS
668 1081 807 1131 Dux
839 1081 1277 1145 MegapolenHS,
1315 1096 1432 1132 vna
1470 1096 1602 1131 cum
1634 1080 1992 1132 Illustrissima
2022 1081 2283 1144 Principe
2315 1080 2574 1132 Domina

416 1149 913 1201 ELIZABETHA
944 1151 1206 1215 Coniuge
1241 1151 1396 1214 (quae
1424 1150 1617 1213 postea
1643 1152 1705 1200 in
1733 1150 1853 1213 ipso
1881 1151 2068 1202 reditu
2096 1149 2575 1214 Mechelburgam

414 1218 623 1278 versuS‚
645 1227 960 1283 antequam
974 1220 1144 1271 Mare
1158 1220 1461 1278 traiecisset‚
1482 1234 1695 1283 magno
1710 1222 1976 1270 omnium
1994 1218 2151 1272 1116111
2171 1220 2324 1271 diem
2344 1219 2504 1283 obijt)
2523 1218 2574 1270 &

415 1289 625 1340 Fratris
639 1289 785 1340 Filio
800 1290 965 1340 Duce
980 1289 1494 1348 SIGISMVNDO,
1515 1289 1832 1340 deducente
1852 1289 1982 1340 illos
2001 1289 2121 1353 ipsa
2135 1292 2309 1340 etiam
2322 1289 2572 1340 Sereniss.

418 1358 718 1410 REGINA
738 1359 925 1410 nostra
937 1375 1055 1410 vna
1074 1374 1206 1410 cum
1226 1374 1439 1422 magno
1453 1358 1757 1409 Nobilium
1770 1358 2044 1409 Virorum
2057 1361 2347 1418 comitatu,
2367 1373 2461 1410 me
2480 1358 2574 1410 hic

417 1428 762 1492 Vraniburgi
792 1428 1037 1479 inuisere
1068 1428 1172 1479 lint
1204 1429 1434 1492 dignati,
1466 1430 1676 1491 partim
1706 1434 1766 1478 vt
1796 1427 2100 1479 machinas
2131 1428 2575 1488 Astronomicas,

417 1499 626 1561 quibus
651 1497 758 1549 has
784 1498 938 1549 aedes
958 1497 1194 1549 refertas
1213 1497 1477 1557 sciebant,
1505 1512 1703 1548 coram
1724 1497 2265 1561 contemplarentur,
2292 1500 2502 1562 partim
2521 1505 2580 1550 vt

416 1567 667 1631 Inclytus
687 1567 826 1618 Dux
845 1567 1302 1627 VDALRICVS,
1329 1567 1742 1631 Pyronomicos
1761 1582 1924 1618 meos
1943 1567 2171 1619 labores
2199 1567 2432 1631 (quibus
2458 1583 2579 1619 non

414 1639 702 1687 minorem
732 1652 910 1699 quam
938 1637 1350 1687 Astronomicis
1379 1652 1618 1700 operam
1646 1636 1944 1700 impendo)
1975 1636 2027 1688 81
2054 1636 2145 1688 1113
2173 1637 2580 1689 inseruientem

415 1714 758 1770 apparatum
773 1706 1202 1766 Mechanicum,
1225 1709 1476 1770 penitius
1489 1706 1892 1770 introspiceret.
1914 1707 2072 1758 Nam
2085 1706 2257 1770 ipfius
2271 1706 2577 1767 Celfitudo‚

413 1776 608 1827 multis
633 1776 706 1827 ab
733 1775 868 1827 hinc
894 1777 1100 1835 Annis,
1127 1779 1197 1840 iJ's
1224 1778 1506 1840 exercitijs
1531 1775 1850 1840 plurimum
1876 1774 2204 1835 delectatur,
2232 1776 2284 1827 &
2308 1792 2431 1828 non
2455 1777 2577 1828 vul-

412 1848 572 1909 garia
585 1848 646 1896 in
659 1845 766 1906 his,
781 1849 1016 1909 propria
1029 1846 1302 1897 industria
1315 1846 1632 1906 adinuenit,
1648 1847 2144 1910 quemadmodum
2159 1846 2210 1897 81
2221 1846 2579 1898 Serenissima

414 1916 630 1980 Regina
648 1915 820 1979 ipfius
840 1916 1000 1975 Filia,
1021 1915 1171 1967 hisce
1184 1915 1459 1980 Artificijs
1473 1915 1795 1980 Spagyricis
1807 1931 2160 1981 magnopere
2175 1915 2438 1977 afficitur,
2459 1932 2577 1980 quo

412 1988 649 2036 nomine
665 1988 838 2036 etiam
851 1988 1140 2049 praeterito
1154 1987 1350 2046 Ann0,
1371 1986 1542 2037 Mare
1556 1985 1668 2038 hoc
1682 1987 1768 2037 bis
1782 1988 2059 2051 traijcere‚
2080 1986 2414 2050 nostrosque
2427 1986 2577 2038 lares

411 2054 596 2106 subire
628 2071 749 2106 non
780 2062 1021 2119 grauata
1053 2055 1141 2107 est.
1176 2056 1330 2107 Cum
1363 2058 1559 2119 itaque
1591 2071 1662 2107 eo
1693 2055 1813 2119 ipso
1841 2062 2117 2120 tempore,
2151 2071 2268 2120 quo
2297 2056 2360 2107 T.
2389 2055 2574 2108 Celfit.

412 2125 715 2176 commode
729 2125 1151 2177 rescribendum
1166 2126 1306 2186 esset,
1321 2124 1413 2176 his
1422 2132 1543 2177 tam
1554 2125 1864 2178 Illustribus
1876 2125 2212 2190 Hospitibus
2224 2126 2575 2190 excipiendis

412 2210 739 2258 occuparer,
760 2195 933 2258 idque
948 2195 1274 2259 Bibliopola
1293 2195 1406 2255 ille,
1428 2197 1529 2259 qui
1547 2210 1642 2246 me
1662 2211 1734 2247 ex
1747 2197 2009 2259 promisso
2023 2196 2296 2247 accedere
2310 2198 2573 2247 animum

409 2265 714 2316 induxerat
734 2264 995 2316 Haffniae
1023 2265 1117 2328 (eo
1138 2265 1294 2329 quod
1314 2265 1448 2316 inde
1468 2268 1706 2330 nauigia
1725 2266 1915 2330 Regia,
1943 2265 2153 2329 quibus
2171 2265 2575 2330 traijciendum

411 2342 546 2393 erat,
567 2334 1046 2398 procurabantur)
1069 2335 1424 2399 cognouisset,
1445 2335 1799 2399 propofitum
1816 2338 2080 2396 mutauit,
2103 2335 2154 2386 &
2173 2350 2247 2386 ne
2268 2335 2573 2387 Nundina-

409 2420 555 2464 rum,
589 2405 802 2456 diutius
834 2404 1231 2468 praestolando,
1263 2411 1491 2468 tempus
1522 2405 1846 2469 negligeret,
1878 2421 1989 2465 me,
2023 2420 2197 2469 quem
2225 2405 2574 2470 intelligebat

409 2474 749 2537 impeditum
770 2475 887 2534 esse,
908 2490 1030 2526 non
1049 2476 1344 2535 accedenS,
1364 2478 1554 2526 itineri
1573 2475 1628 2526 se
1649 2475 1940 2526 commifit.
1965 2475 2124 2526 Hinc
2142 2477 2337 2539 itaque
2356 2474 2570 2527 factum

410 2544 498 2603 est,
519 2551 577 2595 vt
597 2544 706 2596 hac
727 2551 1016 2608 oportuna
1036 2545 1332 2596 occasione
1351 2545 1497 2596 Tuae
1519 2545 1704 2597 Celfit.
1725 2545 2082 2604 rescribendi,
2108 2551 2315 2610 praeter
2335 2560 2571 2596 omnem

410 2613 880 2677 expectationem,
910 2614 1203 2667 frustratus
1231 2615 1348 2666 fim.
1380 2615 1651 2679 Cumque
1678 2630 1749 2666 ex
1775 2631 1846 2667 eo
1870 2622 2147 2679 tempore,
2176 2615 2340 2666 nulla
2364 2614 2570 2666 eiusce-

407 2684 566 2735 modi
592 2684 970 2736 commoditas
991 2685 1210 2737 Literas
1235 2685 1310 2736 ad
1329 2685 1393 2736 T.
1416 2685 1560 2737 Cels.
1581 2685 1859 2746 mittendi,
1885 2685 2031 2736 mihi
2056 2684 2250 2737 oblata
2273 2684 2459 2744 fuerit,
2485 2699 2570 2736 re-

407 2753 721 2816 sponfione,
749 2758 1020 2818 quamuis
1045 2757 1280 2815 inuituS,
1306 2755 1667 2819 supersedere
1693 2755 1951 2820 cogebar,
1978 2755 2152 2819 idque
2177 2758 2239 2806 in
2263 2754 2375 2806 hoc
2396 2754 2570 2818 vsque

408 2830 649 2887 tempus,
683 2840 800 2887 quo
831 2825 925 2875 hic
957 2825 1100 2876 alter
1131 2825 1348 2877 nostras
1377 2825 1706 2889 Bibliopola
1733 2824 2177 2877 Francofurtum
2204 2824 2278 2876 ad
2306 2824 2571 2876 vernales

406 2894 699 2945 nundinas
718 2893 1106 2957 proficiscitur,
1127 2895 1272 2946 mihi
1291 2898 1353 2946 in
1372 2894 1725 2959 perferendis
1742 2895 1817 2947 ad
1829 2894 1894 2947 T.
1910 2894 2178 2947 Celfitud.
2193 2895 2395 2946 Literis
2409 2894 2571 2946 suam

408 2978 646 3026 operam
666 2963 1046 3027 polliceretur.
1074 2965 1223 3016 Haec
1242 2980 1382 3016 vero
1403 2980 1474 3016 eo
1493 2965 1754 3028 pluribus
1773 2964 1838 3016 T.
1861 2964 2127 3017 Celfitud.
2149 2965 2222 3016 ob
2241 2964 2300 3016 id
2320 2979 2569 3016 comme·

406 3047 589 3093 mor0,
616 3040 674 3084 vt
699 3033 977 3097 intelligat
996 3034 1329 3086 nullatenfis
1349 3050 1482 3086 mea
1501 3037 1726 3086 incuria
1744 3033 1959 3087 factum
1979 3035 2096 3094 esse,
2124 3035 2281 3098 quod
2300 3037 2362 3085 in
2381 3033 2568 3085 rescri-

407 3102 597 3154 bendo
617 3103 759 3154 iusto
778 3104 995 3155 tardior
1013 3103 1238 3156 fuerim.
1253 3104 1444 3156 Tuam
1464 3107 1658 3168 itaque
1674 3104 1860 3156 Celfit.
1875 3104 2129 3156 submisse
2143 3111 2403 3169 rogatam
2415 3104 2568 3163 volo,

406 3178 465 3223 vt
485 3173 557 3223 ob
578 3170 878 3236 praedid’tas
898 3176 1151 3225 rationes
1170 3189 1398 3226 moram
1423 3174 1575 3226 hanc
1601 3174 1843 3226 candide
1869 3169 2332 3242 inter-llpretetur,
2358 3189 2568 3238 meque

407 3242 717 3293 clementer
741 3243 852 3294 hac
876 3245 938 3294 in
962 3250 1123 3307 parte
1150 3244 1482 3296 excusatum
1506 3244 1733 3295 habeat.
1761 3243 1935 3307 Quod
1962 3259 2067 3308 ego
2092 3244 2325 3308 sperans
2349 3259 2444 3295 me
2463 3258 2568 3307 pro

406 3314 620 3364 eximia
644 3312 1007 3364 Celfitudinis
1027 3312 1172 3364 Tuae
1199 3316 1634 3377 aequanimitate
1660 3316 1902 3365 omnino
1928 3316 2386 3378 impetraturum,
2412 3328 2568 3365 nunc

2443 3390 2569 3434 Vtar

2626 1098 2667 1132 10

2629 1445 2670 1479 15

2626 1793 2672 1828 20

2622 2142 2667 2176 25

2618 2491 2664 2525 30

2618 2839 2663 2875 35

2611 3181 2666 3224 37
