2748 4204
425 305 515 355 194
775 296 1376 351 EPISTOLARUM
1402 292 2232 347 ASTRONOMICARUM

422 441 545 503 (scis
573 442 743 497 enim,
771 438 809 487 fi
836 435 1190 498 Iurisperitus
1218 435 1319 484 esse
1345 436 1447 492 νίς,
1477 433 1741 484 fauorem
1767 433 1976 483 Iudicis
2001 431 2130 494 plus
2155 431 2366 490 valere,
2397 446 2575 494 quam

423 511 619 560 decem
632 508 782 570 leges
796 506 1024 567 scriptas
1038 506 1100 553 in
1114 502 1353 564 Codice)
1373 503 1472 554 tibi
1490 502 1890 566 suspicandum
1903 503 2075 559 venit,
2095 515 2401 563 nunquam
2419 503 2575 551 enim

420 582 467 628 is
487 577 630 627 mihi
650 582 819 625 notus
841 574 933 623 est:
961 574 1038 622 At
1058 587 1192 623 cum
1210 578 1311 622 tuo
1332 571 1583 622 Illustriss.
1606 572 1882 633 Principe,
1911 584 2086 632 quem
2104 569 2271 620 suum
2291 572 2574 632 optimum

418 643 853 701 benefactorem,
874 645 936 692 in
948 642 1124 692 literis
1139 641 1213 692 ad
1226 655 1319 691 me
1334 641 1495 699 datis,
1511 655 1617 691 nec
1631 641 1918 690 immerito
1932 645 2116 698 vocat,
2132 638 2183 689 &
2197 645 2388 690 tecum
2402 641 2576 690 etiam

417 714 663 778 praesens
692 728 812 763 non
841 715 1124 775 ingratam
1150 712 1431 760 contraxit
1460 711 1789 760 amicitiam.
1821 708 1879 759 Si
1906 711 2006 771 qui
2031 707 2158 759 sunt
2183 708 2278 772 alij
2308 711 2455 759 inter
2479 723 2573 760 ve·
2622 725 2643 759 ⁵

416 784 622 841 strateS‚
643 781 735 832 vel
756 783 929 831 etiam
949 779 1101 838 alibi,
1123 779 1197 830 ad
1212 794 1358 841 quos
1373 778 1824 841 appellationem
1838 777 2124 829 instituere
2138 780 2240 836 viS,
2262 777 2314 828 &
2334 792 2438 842 ego
2459 778 2574 829 eos-

417 853 547 903 dem
574 850 819 914 appe110,
845 849 1022 900 modo
1049 863 1172 899 rem
1192 848 1262 898 de
1284 863 1400 910 qua
1419 850 1620 910 agitur,
1647 849 1897 911 penitius
1924 847 2374 910 introspexerint‚
2401 853 2574 911 atque

414 929 533 972 tam
557 920 849 983 superiora
877 933 1054 981 quam
1079 917 1355 967 inferiora
1379 916 1711 980 intelligere,
1741 916 1984 979 haecque
2013 919 2268 967 inuicem
2294 923 2576 980 tanquam

415 1005 594 1041 vnum
616 1005 686 1039 ex
707 989 887 1040 altero
909 987 1308 1051 cognoscentes
1330 985 1638 1036 conciliare
1659 986 1973 1037 didicerint.
2002 985 2294 1049 Quicquid
2321 989 2478 1037 enim
2501 986 2575 1037 est

414 1060 597 1123 supra,
630 1059 687 1109 id
720 1061 893 1108 etiam
923 1056 1089 1116 infra,
1121 1063 1180 1107 vt
1211 1055 1508 1118 inquiebat
1537 1055 1789 1106 Hermes
1820 1055 1916 1106 ille
1948 1070 2082 1106 vere
2113 1057 2261 1106 inter
2292 1055 2574 1107 Mortales
2587 1070 2614 1112 ἡ
2627 1071 2668 1106 ιο

414 1127 812 1191 TrismegistuS.
840 1127 1134 1176 Trinitatis
1160 1124 1555 1176 absconditum
1582 1124 1760 1175 latere
1786 1127 1848 1175 in
1874 1125 2145 1176 omnibus
2173 1125 2344 1176 rebus
2372 1128 2574 1177 creatis

414 1198 739 1262 mysterium
754 1195 900 1248 recte
914 1194 1059 1246 mihi
1074 1194 1407 1257 astipularis,
1425 1197 1694 1257 quamuis
1708 1200 1810 1245 tua
1823 1194 1894 1245 de
1908 1193 1999 1245 his
2012 1193 2383 1258 Philosophia
2396 1210 2575 1258 quam

414 1268 666 1325 adducis,
698 1269 880 1329 magis
911 1265 972 1315 fit
1005 1267 1266 1323 exterior,
1301 1279 1480 1326 quam
1511 1266 1754 1323 interna,
1787 1264 2069 1327 nimisque
2098 1264 2346 1315 sensibus
2375 1264 2551 1316 obuia
2559 1280 2572 1324 ;

415 1337 568 1388 Cum
582 1336 639 1386 id
655 1336 809 1398 quod
824 1335 1165 1398 potissimum
1180 1333 1268 1392 est,
1285 1333 1336 1383 &
1351 1336 1411 1384 in
1426 1349 1543 1396 quo
1557 1336 1641 1384 rei
1653 1334 1896 1384 nucleus
1906 1334 2175 1393 versatur,
2189 1336 2378 1398 prima
2386 1333 2573 1385 fronte

413 1422 533 1456 non
548 1411 837 1468 appareat,
855 1405 994 1454 Non
1008 1406 1166 1454 enim
1178 1403 1308 1454 satis
1323 1403 1396 1453 est
1410 1402 1639 1462 dictum,
1655 1418 1726 1454 ex
1739 1403 1935 1463 Terra,
1950 1404 2126 1467 Aqua
2140 1403 2190 1454 δι
2204 1404 2357 1455 Aere
2372 1407 2572 1455 omnia
2622 1418 2664 1453 15

414 1475 685 1525 inferiora
707 1474 974 1532 constare,
996 1488 1129 1523 cum
1150 1472 1201 1523 &
1220 1471 1315 1523 hae
1334 1472 1469 1535 ipsae
1488 1479 1702 1523 matres
1722 1473 1839 1524 alia
1856 1474 2128 1536 quaedam
2141 1480 2305 1525 terna
2317 1473 2571 1525 habeant

412 1546 707 1607 principia,
738 1541 1097 1606 Philosophis
1122 1541 1456 1605 vulgaribus
1481 1543 1746 1593 nondum
1771 1542 1901 1594 satis
1929 1541 2231 1606 perspecta,
2262 1543 2332 1594 de
2361 1542 2570 1606 quibus

411 1629 565 1664 nunc
591 1628 711 1663 non
738 1613 810 1663 est
836 1612 1158 1675 disputandi
1183 1611 1361 1663 locus‚
1390 1611 1699 1676 Subiungis
1725 1613 1932 1664 deinde
1959 1619 2012 1664 te
2031 1613 2242 1671 videre,
2269 1612 2426 1676 quod
2451 1615 2571 1664 iam

410 1683 643 1734 tandem
663 1683 993 1741 obtinueriS‚
1014 1697 1108 1732 me
1124 1681 1602 1744 Diaphanitatem
1615 1682 1784 1733 Aeris
1803 1684 1950 1745 puri,
1971 1681 2119 1733 nihil
2138 1681 2365 1733 differre
2379 1698 2416 1733 a
2430 1682 2568 1734 Dia-

410 1752 704 1816 phanitate
728 1754 986 1802 materiae
1006 1751 1255 1802 Planetis
1276 1750 1649 1810 circumfusae,
1676 1752 1777 1803 tibi
1803 1753 2124 1812 concessisse,
2151 1767 2257 1803 nec
2283 1751 2357 1803 ob
2382 1752 2441 1803 id
2467 1752 2568 1803 du·
2617 1767 2662 1801 20

409 1823 570 1881 bitaS,
598 1824 739 1884 quin
758 1824 967 1872 veritas
993 1823 1267 1884 temporis
1293 1820 1414 1871 filia
1436 1836 1530 1872 me
1550 1821 1837 1884 reliquam
1857 1824 2032 1873 etiam
2051 1828 2214 1874 tuam
2232 1821 2569 1873 sententiam

410 1891 509 1942 suo
529 1898 787 1954 tempore
806 1891 867 1942 sit
888 1889 1175 1942 edoctura.
1202 1891 1280 1941 At
1301 1891 1510 1954 quibus
1528 1906 1789 1954 vnquam
1808 1891 2138 1955 perspicillis
2157 1890 2285 1943 haec
2305 1894 2384 1943 ita
2403 1898 2568 1943 acute

408 1959 623 2012 vidisti?
648 1962 767 2011 Aut
787 1961 995 2023 quibus
1014 1961 1203 2011 modis
1223 1975 1254 2011 e
1274 1959 1488 2023 scriptis
1507 1963 1652 2012 meis
1671 1961 1729 2011 id
1748 1976 2009 2024 vnquam
2028 1961 2295 2025 colligere
2320 1961 2567 2024 potuisti;

409 2031 658 2082 Miratus
677 2030 802 2081 sum
821 2030 920 2081 ista
939 2030 1149 2094 legenS,
1177 2045 1278 2080 cur
1297 2030 1545 2081 astruere
1564 2030 1724 2090 veliS,
1751 2046 1846 2082 me
1865 2031 2011 2081 mihi
2029 2031 2131 2094 ipfi
2150 2033 2439 2082 contraria
2457 2030 2568 2082 hac

409 2103 470 2151 in
489 2107 649 2163 parte
668 2115 1014 2163 proponere;
1042 2099 1266 2163 Inspexi
1291 2102 1486 2163 itaque
1507 2100 1701 2152 denuo
1722 2100 2032 2165 Exemplar
2051 2101 2347 2152 literarum
2366 2100 2468 2152 tibi
2485 2100 2566 2151 vl·
2615 2115 2661 2150 25

408 2173 549 2220 timo
577 2170 989 2233 inscriptarum‚
1020 2185 1050 2220 e
1080 2170 1289 2233 quibus
1316 2170 1520 2233 procul
1548 2170 1725 2222 dubio
1756 2170 1883 2222 haec
1912 2170 2178 2235 colligere
2205 2170 2458 2222 volebaS.
2490 2171 2568 2222 At

410 2255 513 2303 ego
539 2238 685 2289 nihil
712 2239 1056 2290 eiuscemodi
1081 2242 1143 2290 in
1168 2239 1280 2290 illis
1306 2242 1564 2300 inueni0,
1590 2243 1710 2292 imo
1735 2243 1926 2304 potius
1951 2247 2068 2292 tuae
2094 2241 2374 2292 assertioni
2394 2240 2566 2304 plane

409 2312 775 2360 contrarium.
804 2309 955 2360 Dedi
980 2309 1094 2360 illic
1114 2312 1303 2373 primo
1323 2310 1671 2373 Exemplum
1691 2325 1722 2361 e
1742 2311 1913 2362 rebus
1933 2310 2300 2362 inferioribus
2321 2325 2454 2374 quae
2472 2310 2566 2362 be-

408 2378 615 2429 neficio
629 2380 784 2430 Artis
799 2379 1124 2444 Spagyricae
1139 2382 1200 2430 in
1213 2385 1435 2430 tantam
1453 2379 1818 2431 subtilitatem
1839 2380 2080 2432 exaltari
2099 2386 2330 2444 queant,
2351 2386 2410 2431 vt
2426 2380 2565 2431 Dia-

405 2449 778 2511 phanitatem,
806 2455 1090 2512 quantum
1109 2448 1358 2500 sensibus
1378 2449 1742 2510 discernatur,
1770 2450 2123 2501 consimilem
2145 2449 2565 2514 repraesentent‚
2615 2464 2660 2499 30

407 2518 457 2568 &
482 2517 862 2569 nihilominus
889 2518 1128 2570 diuersae
1156 2520 1257 2570 esse
1283 2518 1603 2571 substantiae
1624 2519 1855 2580 ostendi,
1883 2521 2136 2584 Ideoque
2162 2535 2284 2571 non
2307 2519 2466 2583 sequi
2491 2520 2566 2580 id,

406 2587 561 2650 quod
580 2595 642 2639 tu
661 2588 1015 2648 intendebaS,
1037 2588 1254 2640 etiamsi
1274 2589 1698 2650 concederetur,
1720 2589 1793 2641 ob
1808 2588 2195 2642 Refractiones
2209 2589 2283 2641 ad
2296 2592 2567 2641 verticem

405 2672 526 2707 non
553 2658 850 2709 tendentes
881 2658 1028 2710 Caeli
1057 2658 1108 2709 &
1136 2659 1306 2709 Aeris
1337 2661 1587 2723 purioris
1616 2675 1734 2723 quo
1766 2659 1840 2711 ad
1869 2659 2348 2723 Diaphanitatem
2378 2662 2566 2723 inper-

405 2727 726 2790 ceptibilem
746 2729 846 2778 esse
868 2728 1322 2792 discrepantiam,
1342 2735 1647 2792 propterea
1666 2745 1738 2780 ex
1750 2745 1868 2781 vna
1882 2729 1933 2781 &
1949 2729 2154 2781 eadem
2173 2729 2426 2780 constare
2445 2744 2566 2780 ma-

404 2799 561 2847 teria.
593 2797 658 2847 In
684 2797 841 2848 hunc
866 2798 1109 2848 modum
1133 2805 1325 2849 tecum
1350 2801 1724 2850 ratiocinatus
1752 2799 1892 2860 sum,
1922 2814 2112 2863 neque
2142 2798 2216 2850 ob
2244 2798 2302 2850 id
2331 2799 2566 2850 concessi
2614 2812 2659 2847 35

404 2867 573 2917 Aeris
588 2866 638 2917 81
651 2867 904 2918 AEtheris
925 2868 1402 2931 Diaphanitatem
1423 2871 1666 2920 omnino
1687 2869 1935 2921 eandem
1955 2870 2078 2920 esse:
2100 2869 2224 2920 Imo
2244 2868 2371 2920 haec
2390 2867 2566 2920 verba

405 2935 562 2986 aliud
582 2937 895 2988 indicantia
915 2937 1197 2988 subiunxi.
1219 2938 1310 2989 Sic
1330 2954 1564 3002 quoque
1585 2938 1733 2990 Caeli
1754 2939 1805 2990 &
1824 2940 1993 2991 Aeris
2013 2939 2506 3002 Diaphanitatem,
2526 2937 2566 2989 si

405 3005 497 3055 vel
515 3006 743 3068 prorsus
764 3007 986 3057 eaedem
1004 3007 1206 3067 forent,
1228 3008 1385 3071 quod
1404 3015 1602 3060 tamen
1620 3009 1885 3060 nondum
1904 3009 2035 3060 satis
2055 3009 2353 3060 obtentum
2371 3008 2460 3068 est,
2481 3010 2564 3059 ni-

405 3074 722 3126 hilominus
737 3075 1022 3127 diuersam
1036 3076 1400 3129 substantiam
1415 3085 1588 3142 atque
1601 3081 1906 3130 materiam
1923 3078 2137 3130 habere
2151 3077 2298 3129 nihil
2311 3078 2562 3141 impedit.

407 3144 527 3195 Cur
547 3147 715 3208 igitur
735 3146 928 3208 quaeso
947 3146 1224 3210 gloriariS,
1245 3153 1299 3197 te
1319 3163 1355 3199 a
1375 3163 1468 3198 me
1483 3148 1540 3199 id
1555 3148 1847 3199 obtinuisse
1863 3148 2019 3212 quod
2034 3163 2138 3213 ego
2153 3150 2363 3212 apertis
2375 3148 2564 3199 verbis
2612 3162 2658 3196 40

404 3214 522 3264 dixi
533 3214 794 3265 nondum
807 3214 936 3266 satis
948 3215 1246 3267 obtentum
1257 3218 1358 3268 esse
1367 3216 1393 3268 Ρ
1410 3217 1531 3269 Cur
1542 3218 1691 3269 adeo
1701 3218 1972 3269 iniuriose
1983 3233 2116 3269 mea
2129 3215 2405 3269 inuertis?
2419 3216 2563 3268 Cur-

404 3298 516 3346 que
542 3284 820 3365 iudicium
846 3284 916 3335 de
942 3284 1032 3335 his
1058 3284 1282 3336 Placitis
1307 3292 1427 3338 tam
1452 3286 1865 3339 inconsiderate
1891 3285 2250 3351 praecipitas?
2262 3286 2335 3407 Ίξί
2354 3288 2564 3368 veritas

2313 3370 2563 3419 emporis
