2748 4204
430 296 519 346 182
595 308 600 311 ⁴
771 291 1371 343 EPISTOLARUM
1398 287 2227 341 ASTRONOMICARUM

429 447 645 483 caecum
666 430 839 481 effice.
863 430 985 479 Nec
1007 431 1162 478 enim
1182 434 1300 478 tam
1319 430 1657 479 temerarius
1673 426 1813 484 sum,
1828 431 1886 475 vt
1899 427 1961 475 in
1974 424 2064 475 his
2078 425 2247 475 rebus
2262 427 2573 488 quicquam

427 502 678 558 scribam,
706 500 860 561 quod
887 504 1151 560 expertus
1178 512 1297 547 non
1323 497 1439 547 fim.
1467 497 1596 548 Scio
1622 495 1873 547 definere
1901 493 2317 556 Crepusculum
2342 494 2474 545 Sole
2500 495 2570 546 17.

430 570 718 621 Gradibus
732 568 829 617 sub
845 568 1226 617 Horizontem
1242 567 1504 628 depress0,
1522 565 1562 615 fi
1574 565 1883 627 vulgariter
1898 562 2314 625 Crepusculum
2326 579 2432 627 pro
2445 563 2572 615 luce

428 638 601 689 dubia
630 639 889 698 accipias.
920 636 996 685 At
1026 650 1129 698 ego
1159 634 1398 685 definiui
1429 650 1499 685 ex
1523 634 1635 684 illis
1660 634 1836 683 literis
1863 632 2278 695 Crepusculum
2307 633 2573 696 eousque,

427 709 608 757 donec
628 706 854 755 nullum
874 705 1122 767 amplius
1140 703 1434 767 vestigium
1453 703 1753 754 albicantis
1772 702 1941 752 Aeris
1961 708 2253 765 appareat,
2278 702 2435 765 quod
2453 717 2573 753 om·
2622 720 2644 753 ⁵

426 779 564 826 nino
586 776 950 824 necessarium
971 773 1058 831 est,
1083 773 1122 822 fi
1143 779 1458 823 extremam
1478 771 1836 834 superficiem
1855 771 2023 821 Aeris
2045 772 2213 830 crassi,
2240 774 2340 834 qui
2365 771 2573 822 illumi-

426 847 552 895 nari
582 843 771 906 potest,
811 843 1190 893 determinare
1223 840 1476 892 exactius
1507 842 1779 892 volueris.
1819 840 2132 891 Considera
2162 843 2331 904 igitur
2361 841 2575 892 Aerem

426 916 573 964 circa
603 913 795 963 locum
828 912 1119 962 occubitus
1151 911 1314 969 Solis,
1351 911 1638 961 desinente
1669 909 1892 973 vulgari
1924 909 2292 973 Crepusculo,
2326 925 2575 974 eumque

426 998 556 1033 cum
578 982 704 1045 alijs
724 982 863 1031 locis
884 982 1221 1031 Horizontis
1242 983 1624 1039 circumcirca,
1644 986 1703 1030 vt
1722 980 1796 1030 ad
1817 979 2040 1039 Ortum,
2062 979 2135 1030 ad
2155 980 2480 1039 Meridiem‚
2502 981 2575 1031 ad

424 1053 878 1114 Septentrionem
911 1050 1120 1108 confer,
1155 1049 1536 1100 diuerfitatem
1567 1049 1775 1100 coloris
1807 1049 1858 1099 8(
1888 1049 2117 1112 vestigia
2147 1049 2247 1100 illa
2276 1048 2575 1100 albicantis
2628 1066 2668 1099 ιο

424 1123 590 1171 Aeris
611 1123 850 1171 omnino
871 1122 1134 1182 reperies.
1157 1119 1267 1170 Sed
1283 1119 1333 1169 8(
1348 1117 1801 1170 Refrac'tionibus
1815 1120 1959 1169 meis
1973 1118 2160 1169 nescio
2175 1134 2276 1169 cur
2289 1118 2572 1170 detrahas.

425 1190 736 1253 Quomodo
767 1192 920 1239 enim
949 1189 1092 1240 alias
1121 1191 1385 1239 inuenire
1414 1189 1629 1252 possum
1662 1195 1761 1239 aut
1793 1191 1967 1239 etiam
1999 1203 2216 1248 eruere,
2249 1203 2426 1251 quam
2457 1188 2575 1251 ipsa

424 1260 798 1310 Instrumenta
823 1257 1114 1321 praebent‘?
1139 1259 1236 1308 An
1261 1261 1323 1308 in
1347 1264 1509 1308 tuam
1534 1261 1775 1322 gratiam
1799 1257 1910 1309 hoc
1929 1256 2174 1309 faciam?
2200 1258 2407 1321 Iniqua
2427 1264 2574 1308 certe

427 1345 462 1379 a
486 1344 578 1379 me
604 1329 866 1391 postulas,
893 1328 932 1378 fi
958 1328 1083 1378 haec
1109 1327 1372 1391 postulas,
1400 1327 1510 1379 Sed
1536 1343 1642 1378 nec
1661 1327 1892 1379 titulum
1911 1327 2232 1378 Tomorum
2250 1334 2484 1378 tuorum
2504 1327 2574 1378 de

426 1401 596 1448 nouis
622 1399 832 1448 Mundi
857 1397 1115 1447 AEtherei
1139 1398 1604 1461 generationibus
1630 1396 2009 1461 repraehendi,
2038 1412 2144 1448 nec
2170 1400 2343 1448 etiam
2367 1412 2573 1460 reprae-
2627 1413 2667 1447 15

425 1467 763 1517 hendendus
778 1467 865 1526 est,
887 1474 1106 1518 nectua
1120 1467 1482 1518 excusatione
1497 1468 1730 1531 indiget:
1752 1467 2048 1530 Siquidem
2066 1482 2198 1530 quae
2218 1466 2380 1526 fiunt,
2401 1469 2575 1517 etiam

424 1540 683 1600 generari
704 1537 989 1595 dicuntur;
1013 1536 1063 1586 8(
1082 1552 1288 1587 reuera
1303 1537 1564 1588 Cometae
1578 1539 1640 1587 in
1654 1537 1819 1588 Caelo
1833 1543 2195 1600 generantur.
2215 1535 2489 1599 Proposui
2506 1550 2576 1587 ea

424 1622 542 1656 non
569 1607 837 1664 assertiue,
863 1606 956 1657 sed
982 1606 1306 1657 dubitanter
1333 1606 1383 1656 8(
1408 1609 1815 1670 interrogatiue
1844 1608 2050 1669 potius,
2079 1608 2369 1669 praecipue
2394 1613 2453 1656 vt
2481 1621 2574 1656 ex-

423 1676 663 1739 plicares
691 1675 835 1726 mihi
863 1676 1201 1726 sententiam
1230 1677 1299 1727 de
1325 1676 1505 1727 vestra
1532 1679 1902 1740 generatione
1932 1675 1983 1726 &
2011 1678 2392 1739 corruptione.
2424 1675 2574 1738 Quae

424 1748 596 1796 etiam
622 1746 691 1795 de
719 1745 1095 1796 Cometarum
1122 1746 1308 1797 cauda
1332 1746 1530 1809 scripfi,
1560 1749 1751 1810 potius
1779 1753 1880 1797 tuo
1905 1746 2118 1797 iudicio
2143 1745 2368 1804 subieci,
2398 1759 2575 1808 quam
2624 1760 2668 1794 20

423 1822 481 1866 vt
506 1830 640 1865 vera
667 1815 915 1866 vrserim.
947 1816 1013 1865 Et
1039 1815 1429 1866 Illustrissimus
1455 1817 1724 1880 Princeps
1749 1815 1934 1866 noster
1958 1815 2124 1866 facile
2151 1815 2576 1866 excusationem

423 1892 687 1944 meretur,
704 1888 981 1947 quoniam
996 1892 1131 1936 tunc
1144 1888 1418 1949 temporis
1432 1889 1529 1936 vix
1542 1886 1849 1949 incipiebat
1862 1884 2101 1937 tractare
2115 1884 2575 1942 ObseruationeS,

423 1954 671 2004 necdum
686 1955 991 2005 Stellarum
1012 1955 1286 2006 Fixarum
1305 1955 1434 2006 loca
1454 1962 1793 2014 correxerat,
1814 1971 1921 2006 nec
1942 1957 2136 2006 eratin
2151 1954 2575 2006 Obseruationi-

422 2025 528 2074 bus
556 2027 910 2083 exercitatuS‚
938 2040 1043 2075 nec
1068 2025 1244 2075 velim
1269 2025 1748 2076 Obseruationem
1773 2025 1934 2076 illam
1958 2024 2229 2088 publices,
2258 2023 2368 2075 Sed
2394 2023 2445 2074 8(
2470 2039 2576 2074 nec

423 2109 615 2144 meam
635 2094 704 2144 de
726 2094 1102 2145 Cometarum
1121 2098 1491 2158 generatione
1510 2095 1848 2146 sententiam
1866 2094 2080 2157 scriptis
2098 2097 2211 2145 tuis
2230 2093 2496 2144 immisce.
2518 2092 2576 2144 Si
2625 2108 2669 2142 25

425 2166 580 2214 enim
598 2163 1007 2226 publicandam
1029 2165 1367 2225 censuissem,
1387 2165 1502 2228 ipse
1522 2165 1863 2216 iamdudum
1883 2164 2260 2228 publicassem.
2286 2164 2576 2227 Pugnares

424 2248 493 2284 ea
521 2236 742 2284 ratione
770 2237 943 2285 etiam
969 2250 1100 2285 cum
1125 2241 1304 2292 muto,
1333 2235 1612 2298 liquidem
1637 2250 1811 2286 nemo
1837 2249 2031 2285 meam
2055 2234 2215 2285 istam
2239 2233 2576 2284 sententiam

423 2303 613 2354 adhuc
633 2306 812 2354 nouit.
833 2305 1134 2367 Postquam
1155 2320 1287 2356 mea
1306 2304 1508 2368 scripta
1526 2305 1757 2368 publica
1774 2303 1923 2356 facta
1941 2303 2169 2363 fuerint,
2195 2305 2407 2367 poteris
2427 2304 2577 2353 eain

422 2376 534 2423 tuis
559 2372 771 2436 scriptis
798 2377 1132 2426 examinare
1159 2370 1178 2441 ΙΙ
1204 2390 1309 2438 pro
1335 2375 1514 2434 libitu,
1541 2375 1819 2438 liquidem
1838 2381 1974 2425 tunc
1993 2373 2208 2437 publici
2226 2375 2367 2424 iuris
2387 2378 2574 2422 erunt:
2611 2379 2690 2421 153

420 2443 496 2494 At
516 2443 585 2493 de
605 2444 868 2494 nondum
889 2445 1052 2495 editis
1071 2460 1193 2495 non
1217 2444 1290 2495 est
1314 2445 1718 2508 praeiudicium
1743 2443 2243 2495 introducendum.
2270 2442 2577 2505 Superiore
2626 2456 2671 2490 30

421 2513 607 2563 aestate
628 2529 760 2564 cum
781 2514 850 2564 de
871 2517 1114 2565 materia
1134 2514 1441 2566 Stellarum
1463 2514 1513 2565 8(
1532 2517 1645 2565 viae
1665 2513 1863 2566 lacteae
1885 2516 2148 2578 cogitaui,
2175 2515 2236 2563 in
2261 2512 2439 2564 aliam
2458 2511 2576 2561 sen-

420 2586 657 2633 tentiam
686 2584 882 2634 incidi:
913 2584 1120 2635 Inueni
1149 2587 1339 2644 etiam,
1371 2600 1504 2648 quae
1534 2585 1603 2635 de
1632 2584 1887 2635 trabibus
1913 2581 2353 2634 discurrentibus
2379 2596 2500 2644 cap.
2528 2581 2576 2632 7.

421 2653 847 2716 proposueram,
874 2654 1102 2717 prorsus
1122 2653 1261 2706 falsa
1282 2656 1399 2705 esse.
1425 2654 1792 2718 Quapropter
1811 2660 1996 2704 totum
2015 2652 2158 2703 illud
2178 2658 2348 2715 caput
2368 2651 2438 2702 de
2457 2665 2577 2701 ma-

420 2725 563 2773 teria
584 2723 960 2774 Cometarum
981 2739 1300 2787 eorumque
1323 2724 1749 2775 illuminatione
1774 2723 1899 2774 sum
1924 2729 2266 2780 mutaturuS‚
2293 2721 2577 2784 longeque

422 2792 537 2843 alia
550 2795 772 2843 ratione
786 2792 1143 2852 tractatum&
1158 2794 1198 2844 fi
1211 2794 1391 2845 alium
1407 2793 1636 2858 insuper
1649 2793 1841 2845 adhuc
1855 2793 2163 2844 Cometam
2177 2791 2577 2848 obseruauerO,
2626 2805 2671 2839 35

423 2865 698 2925 omnique
725 2863 1016 2927 diligentia
1041 2864 1340 2926 inspexero
1362 2864 1413 2914 8(
1433 2863 1887 2915 confiderauerO.
1915 2862 2005 2913 De
2032 2877 2119 2919 eo,
2147 2861 2302 2925 quod
2326 2860 2578 2911 Planetae

422 2934 483 2981 in
508 2931 848 2982 subtilissimo
876 2933 926 2983 8(
951 2935 1237 2996 purissimo
1258 2934 1410 2984 Aere
1436 2933 1742 2997 pendeant,
1769 2932 2004 2984 vlterius
2029 2938 2221 2983 tecum
2245 2945 2367 2981 non
2393 2943 2577 2994 agam.

423 3000 689 3052 Tractaui
716 3001 866 3052 hanc
892 3018 1085 3053 meam
1111 3003 1449 3054 sententiam
1472 3006 1533 3054 in
1557 3018 1731 3066 opere
1750 3002 1939 3053 nostro
1960 3001 2268 3053 Stellarum
2287 3000 2577 3057 Fixarum,

423 3086 528 3120 nec
554 3077 607 3120 te
634 3071 930 3131 immiscui,
957 3072 1049 3123 sed
1075 3088 1197 3123 rem
1223 3073 1403 3136 ipsam
1428 3072 1684 3124 tractaui.
1716 3073 1875 3123 Idem
1901 3071 1952 3123 8(
1977 3071 2077 3122 tibi
2102 3070 2432 3122 faciendum
2459 3070 2578 3127 erit,

422 3147 480 3190 vt
507 3140 939 3207 quibuscunque
965 3143 1126 3205 possis
1151 3143 1340 3194 modis
1365 3143 1703 3194 sententiam
1727 3149 1889 3193 tuam
1919 3141 2208 3193 defendaS.
2240 3138 2580 3190 Iudicabunt
2627 3152 2673 3187 40

422 3209 612 3273 postea
632 3209 939 3261 Doctissimi
961 3211 1377 3272 Mathematici,
1404 3215 1568 3263 cuius
1587 3212 1865 3263 sententia
1882 3226 2021 3262 vera
2041 3210 2117 3261 fit.
2145 3210 2270 3261 Nec
2296 3211 2452 3260 enim
2471 3222 2579 3258 nos

423 3279 522 3343 ipfi
542 3282 602 3329 in
623 3278 732 3330 hac
752 3283 994 3332 materia
1009 3281 1058 3331 &
1073 3280 1299 3332 Actoris
1314 3282 1364 3332 &
1379 3283 1480 3333 Rei
1499 3282 1549 3332 8(
1566 3282 1777 3333 Iudicis
1795 3281 2099 3344 personam
2119 3279 2384 3331 sustinere
2402 3277 2579 3341 possu-

2432 3361 2578 3406 muS,
