2730 4212
356 336 456 386 350
875 325 1548 378 ANNOTATIONES
1576 326 1971 377 EDITORIS

354 474 469 511 tuus
489 471 564 510 est
581 480 625 508 a.
647 465 767 506 1599.
790 465 984 505 Auctor
998 466 1074 504 est
1088 463 1241 504 libelli
1256 463 1451 505 Danice
1466 462 1758 515 conscripti,
1780 462 1830 503 in
1846 472 1947 514 quo
1962 461 2259 503 hominibus
2273 461 2492 504 indoctis

354 550 434 579 res
463 534 875 586 meteorologicae
905 534 1243 585 exponuntur.
1274 532 1428 585 Typis
1457 543 1730 584 expressus
1759 534 1835 573 est
1865 530 2175 583 Uraniburgi
2204 543 2250 572 a.
2285 531 2410 582 1591,
2443 535 2493 574 et

352 606 528 659 paucis
549 603 809 645 mensibus
828 604 945 654 post
964 601 1117 643 editio
1139 601 1449 643 Germanica
1469 601 1662 643 ibidem
1681 599 1882 653 prodiit.

421 675 485 715 ad
505 686 552 726 p.
574 672 686 726 41‚4]
713 670 1126 719 Observationes,
1153 682 1271 722 quae
1291 673 1588 722 sequuntur,
1610 669 1937 711 inveniuntur
1956 669 2115 710 etiarn
2134 669 2186 710 in
2205 669 2386 711 codice
2407 669 2494 712 ob-

350 742 698 785 servationum
719 743 1042 782 cometarum
1065 738 1348 780 Hauniensi
1366 739 1498 794 (Ant.
1516 739 1637 780 Coll.
1656 739 1768 791 Reg.
1793 737 1902 779 1826
1922 738 1973 779 in
1992 737 2060 788 4⁰,
2083 749 2239 790 quem
2259 738 2426 780 littera
2447 739 2491 780 N

350 811 692 864 signavimus),
714 809 799 851 fol.
820 808 900 850 139
912 820 1045 860 sqq.;
1069 819 1191 849 cum
1207 807 1653 850 observationibus
1668 807 1814 849 editis
1835 806 2075 849 omnibus
2095 818 2244 860 paene
2264 808 2492 850 numeris

349 880 592 933 congruit.

418 950 483 991 ad
503 961 550 1002 p.
571 948 696 1002 43,ιι]
724 947 819 988 Hic
844 946 1017 999 incipit
1037 946 1152 988 cod.
1174 945 1589 988 Vindobonensis
1613 945 1793 987 1068928
1814 945 1899 987 fol.
1926 945 2073 996 er-V,
2101 946 2398 999 exemplum
2423 947 2493 988 ni-

347 1020 448 1060 tide
468 1017 730 1070 scriptum,
754 1028 873 1058 cum
895 1015 1250 1068 Marpurgensi
1269 1026 1482 1067 prorsus
1503 1014 1849 1064 consentiens3
1873 1014 2056 1057 desinit
2069 1026 2117 1068 p.
2131 1014 2237 1066 44,³1
2255 1015 2307 1057 in
2320 1016 2491 1058 media

347 1088 530 1141 pagina
560 1087 629 1138 (in
660 1086 829 1128 verbis
866 1101 901 1127 ».
927 1116 935 1125 .
961 1117 970 1125 .
993 1095 1095 1136 quo
1129 1084 1307 1126 saltem
1338 1084 1431 1139 P«).
1468 1084 1583 1126 Hoc
1615 1085 1734 1126 1000
1766 1084 1941 1136 incipit
1973 1084 2130 1126 etiarn
2162 1085 2278 1127 cod.
2305 1085 2493 1128 Vindo-

348 1156 585 1199 bonensis
610 1155 770 1197 106897
791 1154 1013 1204 f01,9r—v‚
1035 1154 1331 1206 exemplum
1353 1154 1579 1206 primum
1599 1153 1757 1206 ipsius
1770 1153 2030 1206 Tychonis
2045 1166 2205 1195 manu
2218 1154 2489 1207 scriptum,

347 1226 527 1268 desinit
546 1238 593 1278 p.
615 1225 706 1275 44,ι
728 1225 861 1277 (post
881 1223 1098 1265 verbum
1123 1222 1440 1277 »Cometae«).

415 1296 481 1336 ad
501 1307 547 1348 p.
569 1294 693 1349 46‚³‹‚]
719 1295 812 1335 Pro
833 1292 1002 1334 verbis
1026 1292 1195 1334 »Licet
1217 1324 1226 1333 .
1251 1324 1260 1333 .
1285 1324 1295 1334 .
1318 1291 1701 1345 praestabimus«
1730 1291 1796 1347 (v.
1818 1291 1893 1348 42)
1912 1293 2152 1346 exempla
2173 1292 2491 1336 Hauniensia

344 1365 447 1418 (fol.
462 1364 582 1418 144v)
595 1367 645 1405 et
660 1362 1047 1415 Marpurgensia
1060 1362 1176 1403 haec
1191 1362 1447 1414 praebent:
1469 1361 1639 1415 »cujus
1652 1364 1829 1403 tamen
1844 1361 2058 1403 brevem
2073 1362 2488 1415 explicationem,

344 1437 399 1475 ut
429 1433 631 1475 termini
661 1432 843 1485 quibus
871 1432 942 1473 ufi
972 1431 1160 1481 sumus,
1194 1431 1523 1473 commodius
1554 1430 1918 1484 percipiantur,
1951 1431 2267 1484 praemittere
2296 1443 2490 1485 operae-

343 1502 572 1555 precium
593 1502 687 1544 esse
707 1501 951 1543 existimo.

679 1570 1059 1612 EXPLICATIO
1081 1569 1565 1620 SUBSEQUENTIS
1584 1569 1876 1613 TABULAE
1897 1569 2146 1612 MOTUM

829 1640 1122 1682 COMETAE
1142 1639 1430 1682 DIARIUM
1452 1639 1995 1681 COMPLECTENTIS.

411 1711 538 1753 Haec
555 1710 957 1763 Ephemeridalis
970 1709 1166 1751 Tabula
1186 1709 1337 1763 hujus
1352 1709 1583 1751 Cometae
1603 1709 1832 1751 continet
1846 1709 1872 1751 8
1886 1710 2175 1760 columnas,
2197 1709 2248 1752 in
2267 1721 2488 1763 quarum

341 1781 521 1833 prima,
550 1780 748 1821 dierum
770 1781 1078 1833 singulorum
1099 1778 1301 1821 numeri
1320 1790 1351 1820 a
1376 1778 1428 1820 18
1448 1779 1690 1821 Octobris
1709 1778 1761 1820 in
1785 1779 1836 1820 15
1857 1779 2184 1830 Novembris,
2211 1791 2303 1833 per
2320 1782 2490 1822 totum

341 1850 574 1891 videlicet
594 1852 811 1902 tempus,
841 1861 942 1902 quo
963 1849 1047 1891 hic
1068 1849 1201 1890 visus
1221 1848 1305 1899 est,
1328 1849 1666 1892 collocantur.
1695 1849 1973 1891 Sciendum
1992 1860 2134 1900 vero,
2157 1849 2297 1902 quod
2316 1852 2490 1892 motus

341 1920 568 1960 Cometae
595 1919 673 1961 his
698 1919 877 1961 diebus
904 1919 1364 1972 correspondentes
1390 1921 1730 1961 numerantur
1759 1919 1825 1961 ad
1855 1918 2084 1961 mediam
2114 1921 2340 1969 noctem,
2371 1930 2488 1972 quae

341 1991 614 2031 annotatos
635 1988 741 2030 dies
761 1988 996 2041 proxime
1019 1988 1339 2041 sequebatur,
1359 1988 1513 2042 idque
1533 1989 1584 2030 in
1605 1988 1945 2042 Longitudine
1964 1989 2020 2031 37
2040 1989 2170 2031 Part.
2197 1988 2263 2031 16.

409 2059 644 2100 Secunda
665 2059 908 2100 columna
926 2062 1128 2100 motum
1143 2058 1374 2101 Cometae
1389 2059 1673 2111 proprium,
1695 2059 1747 2100 in
1761 2070 1888 2101 arcu
1901 2058 2094 2112 proprii
2108 2058 2309 2109 ductus,
2333 2058 2490 2101 osten-

340 2129 424 2169 dit.
443 2129 763 2170 Diducuntur
778 2132 954 2171 autem
969 2128 1020 2169 hi
1035 2128 1237 2170 numeri
1253 2140 1284 2170 a
1297 2129 1415 2171 loco
1430 2127 1796 2170 intersectionis
1806 2128 1907 2170 viae
1920 2129 2151 2171 Cometae
2163 2140 2285 2171 cum
2295 2129 2490 2182 AEqua·

338 2201 465 2247 tore,
494 2198 578 2251 qui
599 2198 690 2239 fuit
710 2200 764 2239 ut
786 2198 935 2250 supra
955 2198 1059 2240 dixi
1079 2198 1130 2239 in
1154 2197 1206 2239 14
1226 2198 1284 2240 G.
1306 2199 1362 2239 55
1384 2198 1452 2240 M.
1477 2210 1507 2240 a
1527 2198 1782 2240 concursu
1801 2198 2095 2252 Ecclipticae
2115 2201 2166 2241 et
2184 2198 2489 2252 AEquatoris

339 2267 547 2309 vernali.

406 2337 573 2379 Tertia
594 2338 750 2379 habet
771 2338 1161 2381 Inclinationem
1179 2349 1333 2380 arcus
1347 2338 1579 2380 Cometae
1594 2338 1662 2380 ad
1676 2338 2040 2391 AEquatorem,
2063 2338 2165 2380 five
2177 2338 2336 2393 (quod
2349 2338 2488 2381 idem

338 2407 424 2461 est)
450 2408 618 2460 anguli
644 2408 1000 2460 quantitatem,
1028 2419 1183 2461 quem
1205 2408 1406 2462 lingulis
1426 2407 1606 2451 diebus
1626 2408 1794 2461 portio
1817 2407 1994 2450 circuli
2016 2408 2248 2459 maximi,
2276 2420 2379 2461 qua
2398 2409 2490 2452 Co-

338 2480 476 2518 meta
497 2477 700 2527 incessit,
723 2489 845 2519 cum
865 2478 1156 2531 AEquatore
1175 2477 1227 2519 in
1247 2476 1382 2521 dicto
1403 2476 1769 2520 intersectionis
1788 2476 1979 2531 puncto
2000 2477 2187 2520 effecit.

406 2547 601 2597 Quarta
633 2547 962 2590 Ascenfiones
995 2546 1174 2590 Rectas
1206 2548 1437 2590 Cometae
1470 2547 1685 2590 indicat:
1727 2547 1917 2598 Quinta
1948 2558 2074 2590 vero
2108 2547 2492 2591 Declinationes

336 2616 525 2669 ubique
546 2617 750 2660 BoreaS.

407 2687 561 2728 Sexta
576 2686 966 2730 Inclinationem
988 2686 1169 2730 ductus
1184 2688 1415 2730 Cometae
1434 2687 1501 2729 ad
1518 2686 1853 2741 Ecclipticam
1873 2687 2085 2741 profert,
2108 2687 2491 2742 contingentem

338 2756 387 2797 in
407 2757 524 2798 loco
545 2755 908 2799 intersectionis
930 2757 1234 2811 supradicto,
1256 2761 1433 2811 utpote
1453 2757 1586 2799 2738
1598 2762 1670 2809 V,
1694 2760 1813 2800 ante
1830 2768 1956 2800 vero
1975 2757 2114 2799 hunc
2134 2757 2415 2800 terminum
2433 2757 2491 2799 fit

339 2825 605 2867 Inclinatio
627 2837 779 2869 arcus
801 2827 1032 2870 Cometae
1051 2828 1302 2879 Austrina,
1324 2827 1482 2870 veluti
1500 2827 1610 2880 post
1629 2827 1894 2870 viceversa
1914 2827 2093 2870 Borea.

408 2895 634 2948 Septima
655 2897 694 2937 8ι
715 2895 913 2939 Od’tava
934 2897 1086 2940 series
1108 2897 1504 2952 Longitudinem
1529 2898 1569 2939 81
1596 2896 1947 2940 Latitudinem
1974 2896 2040 2939 ob
2069 2897 2250 2940 oculos
2275 2899 2488 2951 ponunt.

338 2964 414 3006 Est
435 2968 609 3006 autem
626 2966 867 3008 Latitudo
882 2966 1125 3010 Australis
1144 2967 1302 3020 usque
1319 2967 1370 3009 in
1388 2967 1539 3010 Diem
1553 2967 1610 3008 22
1625 2965 1806 3010 Oc‘tob.
1829 2966 2034 3009 circiter
2052 2967 2183 3009 duas
2202 2966 2362 3009 horas
2381 2966 2490 3020 post

340 3035 631 3087 sequentem
656 3036 883 3078 mediam
909 3035 1131 3088 noctem,
1160 3049 1262 3091 quo
1282 3040 1519 3091 tempore
1539 3037 1756 3079 Cometa
1775 3036 2109 3090 Ecclipticam
2131 3036 2489 3091 pertransiens,

338 3104 623 3146 Australem
643 3105 964 3148 latitudinem
984 3107 1035 3148 in
1056 3107 1326 3150 Borealem
1344 3106 1703 3161 permutavit.«

408 3175 474 3216 ad
494 3186 541 3227 p.
562 3174 687 3230 48,ιι]
710 3174 874 3229 HuJus
894 3176 1127 3229 epistulae
1147 3178 1447 3231 exemplum
1467 3176 1695 3230 primum
1717 3176 1982 3231 Marpurgi
2001 3178 2313 3219 asservatur.

408 3244 474 3285 ad
494 3256 541 3297 p.
564 3244 687 3300 53,¹4]
710 3245 976 3298 Respicere
990 3246 1193 3288 videtur
1206 3246 1472 3289 Vitellonis
1489 3245 1696 3299 Opticae
1715 3244 1881 3289 libros
1901 3245 2090 3288 decem
2111 3244 2345 3302 (Basileae
2362 3244 2491 3301 1572)

337 3325 384 3367 p.
406 3313 506 3365 447,
533 3314 622 3356 ubi
647 3315 710 3356 de
736 3315 976 3357 distantia
1000 3316 1238 3359 binarum
1259 3317 1542 3367 stellarum,
1571 3328 1689 3369 quae
1708 3316 1760 3358 in
1779 3316 1967 3359 eodem
1987 3315 2219 3359 verticali
2238 3318 2371 3367 sunt,
2397 3325 2491 3369 per
