2748 4204
118 1083 174 1126 63

128 1162 169 1196 ιο

125 1518 165 1552 15

115 2231 160 2266 25

112 2589 158 2623 30

110 2946 155 2980 35

110 3303 157 3337 40

1023 357 1270 410 LIBER
1297 359 1619 412 PRIMUS
2365 371 2420 422 91

220 504 395 557 mode
421 501 724 554 succedere
751 501 1161 557 animaduerti.
1189 501 1422 566 hacque
1445 504 1660 555 idcirco
1681 504 1963 557 diuisione
1985 509 2046 558 in
2068 507 2420 570 Quadranti-

219 578 345 637 buS,
373 573 763 633 SextantibuS,
790 572 1057 624 Armillis
1083 574 1157 625 ab
1184 572 1322 625 hinc
1349 575 1547 627 multis
1571 580 1743 628 annis
1763 577 1916 630 felici
1935 578 2179 631 successu
2198 580 2422 646 semper

220 648 353 700 vsus
383 647 526 706 sum,
561 660 813 709 eamque
845 644 1011 696 vobis
1045 648 1560 707 communicatam,
1599 664 1953 713 quacunque
1985 651 2225 703 tandem
2257 668 2420 706 occa-

219 719 394 779 sione,
423 716 670 783 gaudeo,
698 721 758 767 vt
785 718 914 780 pari
943 715 1282 780 praecifione
1309 733 1544 769 mecum
1570 719 1774 771 Sidera
1799 721 2140 784 perscrutari
2167 739 2238 774 eo
2266 739 2420 776 com-

218 789 453 843 modius
485 789 710 853 possitiS,
750 789 847 847 ita,
880 794 940 838 vt
974 787 1183 838 nostrae
1217 787 1672 841 Obseruationes
1704 791 1872 842 fimul
1904 792 2132 844 collatae
2166 795 2421 847 eundem

218 863 475 914 veritatis
494 860 734 924 scopum
753 858 1099 923 scrupulose,
1120 865 1180 910 vt
1199 874 1307 922 par
1328 860 1418 919 est,
1442 860 1623 924 (quod
1645 864 1822 913 etiam
1842 879 1965 914 non
1985 864 2102 916 fine
2122 865 2420 930 voluptate

218 933 344 986 fieri
366 929 657 996 experior)
679 932 979 995 attingant.
1002 930 1294 982 Sextantis
1308 930 1760 983 Instrumentum
1775 950 1811 985 a
1824 949 1919 985 me
1935 942 2069 986 ante
2085 952 2275 988 annos
2289 938 2421 1001 plus

217 1008 416 1056 minus
442 1003 514 1055 18.
543 1017 679 1054 cum
704 1001 982 1066 Augustae
1008 1001 1453 1054 Vindelicorum
1482 1003 1769 1068 degerem,
1801 1009 2206 1070 excogitatum,
2239 1008 2419 1072 (quod

218 1079 395 1129 etiam
414 1074 633 1127 ibidem
651 1071 903 1125 PETRO
925 1072 1161 1125 RAMO
1184 1089 1320 1125 cum
1340 1070 1361 1141 ΙΙ
1381 1073 1529 1125 mihi
1549 1075 1769 1135 adesset,
1790 1092 1909 1128 vna
1927 1092 2062 1128 cum
2077 1077 2419 1140 Quadrante

216 1147 319 1200 illo
350 1160 673 1211 permagno
706 1144 779 1196 14.
815 1143 1184 1204 Cubitorum,
1220 1161 1399 1209 quem
1432 1152 1595 1198 extra
1626 1146 1831 1198 vrbem
1861 1149 1923 1198 in
1955 1147 2127 1200 horto
2161 1151 2419 1213 quodam

217 1217 490 1272 Consulis
522 1216 902 1268 HENZELII
936 1215 1186 1267 construi
1219 1232 1586 1277 curaueram,
1621 1217 1855 1278 ostendi,
1890 1222 1990 1282 qui
2024 1234 2231 1271 eorum
2260 1237 2296 1272 a
2324 1238 2418 1274 me

215 1290 660 1354 descriptionem
685 1287 861 1340 auide
889 1287 1267 1352 efflagitabat)
1295 1288 1368 1340 ab
1394 1304 1464 1340 eo
1487 1295 1751 1353 tempore
1771 1289 1995 1354 semper
2015 1293 2078 1341 in
2097 1291 2199 1343 vsu
2219 1291 2417 1353 habui,

216 1378 288 1414 eo
314 1360 474 1426 quod
501 1366 658 1412 certa
677 1362 904 1411 ratione
925 1359 978 1411 &
998 1358 1187 1411 multa
1207 1360 1584 1424 Experientia
1603 1376 1706 1424 per
1727 1361 1995 1421 Radium,
2023 1362 2417 1428 cuiuscunque

213 1433 453 1486 tandem
472 1431 621 1484 foret
640 1430 1062 1496 magnitudinis
1082 1431 1177 1482 vel
1198 1431 1516 1491 diuifioniS‚
1543 1439 1700 1483 ratas
1721 1432 2015 1484 distantias
2035 1449 2416 1499 nequaquam

214 1506 486 1563 inueniri,
515 1509 882 1568 compertum
907 1501 1206 1554 haberem.
1236 1502 1438 1566 Quare
1463 1519 1568 1567 per
1592 1503 1829 1556 Sextam
1855 1504 2055 1555 circuli
2080 1512 2307 1569 partem
2334 1506 2414 1570 (vt

214 1575 581 1628 commodior
601 1574 765 1626 fieret
785 1574 1155 1626 Instrumenti
1175 1573 1463 1638 tractatio)
1484 1575 1698 1640 regulis
1719 1575 2090 1640 applicatam,
2117 1576 2275 1629 idem
2293 1584 2414 1629 ten-

212 1654 336 1700 tare
362 1650 606 1700 certiore
634 1652 854 1698 euentu
879 1645 1272 1711 aggrediebar.
1302 1647 1498 1710 Atque
1526 1645 1602 1698 ob
1627 1647 1686 1698 id
1707 1646 2091 1699 Instrumento
2118 1647 2256 1700 huic
2277 1649 2412 1701 Sex-

211 1722 387 1772 tantis
406 1733 630 1770 nomen
649 1717 850 1769 indidi.
879 1717 933 1769 Is
953 1733 1112 1777 ver0,
1142 1733 1320 1781 quem
1340 1718 1656 1769 Witichius
1677 1717 1773 1770 hic
1793 1718 1951 1777 vidit,
1974 1722 2074 1783 qui
2096 1719 2413 1785 chalybeus

212 1797 350 1851 erat,
373 1789 647 1842 catenula
659 1788 761 1841 illa
776 1788 1025 1849 carebat,
1043 1789 1282 1853 qualem
1296 1805 1403 1841 vos
1417 1789 1770 1841 adhibuistis
1793 1790 1900 1841 Per
1915 1789 2239 1842 Cochleam
2255 1794 2414 1843 enim

211 1861 597 1915 transuersam
629 1860 911 1913 distantiae
944 1863 1007 1912 in
1040 1860 1427 1912 Instrumento
1460 1859 1849 1919 arctabantur,
1883 1861 2411 1926 dilatabanturque.

211 1934 280 1986 Et
299 1933 431 1986 licet
451 1931 716 1986 Cochlea
735 1931 839 1984 illa
856 1935 920 1983 in
940 1930 1225 1984 directum
1247 1932 1667 1997 porrigebatur,
1694 1939 1894 1984 tamen
1915 1935 2055 1997 quia
2075 1933 2411 1994 clauicuIOS‚

209 2005 306 2058 vbi
344 2004 526 2057 affixa
560 2010 700 2065 erat,
740 2003 1149 2056 conuolubiles
1181 2003 1404 2064 habuit,
1442 2007 1693 2055 motioni
1724 2003 2113 2055 nihilominus
2146 2005 2413 2057 circulari

209 2076 542 2129 sufficiebat.
564 2075 743 2127 Hanc
764 2078 942 2128 etiam
962 2076 1442 2127 commoditatem
1461 2075 1794 2135 Witichius,
1817 2091 1935 2139 quo
1956 2078 2154 2127 minus
2175 2092 2309 2127 eam
2328 2079 2412 2128 in-

210 2149 428 2208 dicant,
450 2147 752 2213 neglexisse
765 2147 1012 2207 videtur,
1033 2153 1094 2199 vt
1114 2147 1189 2199 ob
1210 2147 1269 2199 id
1290 2146 1626 2199 catenulam
1648 2146 1811 2199 illam
1833 2150 1958 2198 eius
1973 2146 2103 2198 loco
2119 2147 2412 2212 applicare

208 2219 375 2272 vobis
395 2219 567 2271 fuerit
587 2220 980 2271 necessarium.
1008 2219 1077 2270 In
1096 2219 1449 2284 pinnacidijs
1470 2219 1747 2283 quaedam
1767 2218 1950 2278 aliter,
1981 2234 2162 2282 quam
2187 2225 2325 2271 tunc
2351 2222 2412 2270 in

209 2291 310 2343 isto
325 2290 599 2343 Sextante
619 2289 931 2351 habebam,
952 2290 1251 2350 limitastiS,
1274 2306 1409 2355 quae
1429 2290 1578 2342 mihi
1598 2289 1923 2342 admodum
1938 2290 2246 2341 commode
2261 2290 2410 2342 ordi-

209 2370 349 2415 nata
367 2363 655 2415 videntur.
676 2362 902 2414 Verum
921 2362 1018 2414 iste
1040 2362 1305 2422 Sextans‚
1331 2378 1451 2426 quo
1471 2377 1576 2426 per
1594 2364 1836 2413 vnicum
1857 2361 2308 2413 Obseruatorem
2329 2362 2410 2413 di-

208 2434 429 2486 stantiae
450 2433 847 2498 capiebantur,
870 2434 1096 2486 dudum
1116 2433 1275 2498 apud
1296 2449 1391 2485 me
1411 2436 1474 2484 in
1493 2432 1597 2485 vsu
1618 2434 1720 2484 esse
1742 2432 1915 2497 defijt.
1939 2433 2079 2484 Eius
2101 2435 2258 2484 enim
2278 2432 2409 2484 loco

207 2505 360 2557 binis
386 2505 534 2571 alijs,
561 2521 711 2570 quos
729 2505 1074 2571 Trigonicos
1101 2505 1199 2569 (ob
1226 2505 1533 2557 discrimen
1554 2507 1680 2556 eius
1701 2520 1877 2568 quem
1905 2503 2098 2556 habeo
2117 2503 2407 2567 bifurcati)

207 2577 459 2642 appe110,
486 2579 550 2628 in
570 2577 871 2642 capiendis
891 2577 1208 2630 Stellarum
1228 2576 1653 2629 remotionibus
1674 2575 1884 2627 assidue
1905 2582 2048 2634 vtor,
2078 2577 2179 2638 qui
2205 2574 2408 2640 finguli

204 2648 376 2701 binos
396 2651 702 2713 requirunt
724 2648 1162 2709 ObseruatoreS‚
1185 2648 1237 2700 &
1257 2664 1361 2713 per
1380 2648 1568 2700 lineas
1589 2650 1741 2698 circa
1756 2646 2107 2711 Cylindrum
2128 2648 2190 2697 in
2210 2652 2408 2697 centro

206 2719 597 2784 quiescentem
616 2719 948 2785 parallelas,
970 2718 1313 2772 exadtissime
1329 2718 1642 2771 Stellarum
1656 2718 1756 2769 fibi
1770 2720 2043 2775 inuicem,
2066 2717 2117 2768 ἀ
2138 2732 2273 2768 cum
2287 2723 2408 2768 toto

205 2791 356 2843 Caeli
383 2793 627 2843 circuitu
653 2791 996 2843 adamussim
1026 2791 1444 2843 consentientia
1473 2789 1735 2855 praebent
1764 2788 2092 2847 interualla,
2123 2787 2407 2852 nulloque

204 2878 355 2926 pene
387 2865 622 2928 negotio
653 2862 1143 2915 Obseruationem
1172 2862 1499 2915 absoluunt.
1534 2861 1734 2913 Ideam
1763 2876 1904 2911 vero
1937 2859 2153 2911 horum
2182 2858 2406 2923 aliquo-

204 2934 384 2986 modo
405 2934 879 2998 repraesentatam
900 2934 1266 2986 Illustrissimo
1288 2934 1540 2996 Principi
1559 2931 1979 2996 inspiciendam
2006 2930 2090 2992 (ni
2111 2929 2304 2993 fallor)
2326 2929 2406 2981 vl-

203 3007 348 3056 timo
374 3005 515 3057 mifi.
546 3005 660 3058 Sed
687 3005 740 3057 &
764 3006 946 3058 vester
972 3006 1236 3065 SextanS,
1264 3005 1395 3056 licet
1421 3003 1540 3056 alia
1567 3003 1827 3067 quadam
1854 3002 1905 3053 &
1931 3001 2190 3052 fimiliori
2215 3004 2406 3065 primo

203 3091 340 3128 meo
360 3076 676 3129 fabricatus
696 3077 760 3129 fit
778 3080 1025 3137 ratione,
1052 3077 1185 3129 satis
1206 3074 1439 3128 exadtas
1460 3075 1512 3127 &
1531 3077 1679 3126 meis
1700 3076 1965 3138 apprime
1987 3072 2407 3124 consentientes

204 3146 439 3200 exhibet
465 3147 736 3200 Siderum
762 3148 1058 3200 distantias
1083 3148 1244 3199 velut
1271 3163 1302 3198 e
1330 3146 1617 3210 Catalogo
1646 3144 2154 3209 intercapedinum
2183 3143 2407 3207 aliquot

206 3218 538 3280 Stellarum,
566 3219 932 3272 Illustrissimo
953 3220 1206 3283 Principi
1226 3225 1328 3270 tuo
1350 3233 1509 3269 nunc
1529 3216 1858 3275 transmiBO,
1886 3215 2205 3280 perspicere
2226 3220 2406 3278 potes.

205 3289 298 3341 De
320 3288 801 3351 Refrac'tionibu8‚
823 3307 958 3355 quae
980 3291 1055 3343 ad
1076 3290 1508 3341 Illustrissimum
1525 3289 1855 3352 Principem
1873 3286 2078 3338 vltimo
2099 3285 2405 3350 perscripsi.

205 3376 329 3412 non
355 3361 430 3413 est
457 3361 616 3425 quod
643 3362 886 3423 dubiteS,
915 3377 1041 3413 rem
1061 3363 1294 3426 penitus
1314 3363 1396 3412 ita
1414 3359 1470 3411 se
1490 3358 1725 3411 habere.
1754 3359 1914 3410 Nam
1935 3357 1987 3409 &
2006 3356 2120 3408 hoc
2139 3359 2405 3421 proxime

205 3431 400 3496 elapso
408 3433 590 3484 Anno
604 3449 708 3498 per
716 3433 1033 3485 Armillam
1047 3433 1120 3484 10.
1135 3432 1353 3497 pedum
1369 3433 1433 3482 in
1445 3431 1769 3490 Diametr0‚
1783 3431 1885 3493 qui
1899 3431 2051 3480 circa
2065 3442 2240 3479 axem
2250 3426 2404 3548 ΡοῙὲξ

351 3513 415 3548 12·
2198 3513 2344 3549 mun
2385 3513 2404 3547 1
