2748 4204
388 300 475 351 156
735 293 1335 347 EPISTOLARUM
1362 292 2191 345 ASTRONOMICARUM

386 436 500 500 ipse
530 437 652 486 esset
679 438 740 485 in
765 431 1069 484 Asterismo
1099 432 1303 483 Comae
1331 433 1650 491 BereniceS‚
1679 432 1775 483 vbi
1802 431 1928 482 sunt
1957 430 2148 482 Stellae
2173 430 2452 483 Venereae
2483 431 2533 482 ἃ(

387 507 661 556 Lunares
683 503 820 554 Inde
835 502 905 553 12.
922 501 1163 553 Calend.
1183 502 1494 564 progressus
1512 500 1660 551 estin
1676 500 1853 552 Grad.
1869 500 1952 550 23.
1968 507 2051 564 m),
2072 502 2133 550 in
2147 499 2533 551 Latitudinem

387 580 485 624 aut
512 588 716 636 parum
747 578 847 622 aut
875 570 1022 621 nihil
1049 572 1356 632 promouit.
1387 570 1673 620 Postremo
1703 570 1773 620 10.
1802 569 2041 620 Calend.
2069 571 2131 619 in
2155 569 2239 620 28.
2268 569 2446 620 Grad.
2468 577 2532 634 m>

385 642 693 706 progressus
713 643 774 690 in
794 638 1136 690 Latitudinis
1155 639 1238 690 35.
1261 654 1394 690 cum
1413 639 1621 690 semisse
1643 638 1925 690 Gradum.
1953 638 2022 688 Et
2041 653 2174 688 cum
2194 639 2317 689 esset
2336 639 2533 690 admo-

386 713 524 762 dum
543 710 828 768 obscuruS,
850 709 921 760 ab
937 707 1294 758 Illustrissimo
1308 708 1568 771 Principe
1589 707 1879 759 obseruari
1899 707 2070 770 defijt.
2092 707 2534 771 Longitudinem
2583 726 2603 759 ⁵

386 780 585 831 caudae
614 794 734 829 non
762 778 928 829 facile
953 777 1075 828 visu
1101 778 1310 839 assequi
1335 780 1534 840 potuit.
1568 777 1799 828 Constat
1826 776 2031 827 Polum
2056 783 2248 827 motus
2274 777 2534 828 Cometae

385 850 535 900 fuisse
555 863 676 899 non
694 847 896 911 procul
915 847 987 898 ab
1004 846 1299 897 Alrucaba
1316 845 1509 897 versus
1530 852 1700 909 caput
1714 845 1870 896 Vrsae
1891 846 2152 897 MaioriS.
2174 846 2259 897 Ita
2278 853 2398 898 erat
2417 852 2536 898 tota
2583 851 2610 893 i-

386 920 699 969 annotatio,
727 918 812 968 Ex
838 931 954 979 qua
978 915 1480 967 manifestissimum
1507 915 1595 975 est,
1623 915 1871 966 caudam
1890 915 2044 966 illius
2064 915 2326 967 Cometae
2346 931 2535 979 neque

386 988 458 1039 ad
479 987 673 1039 Solem
693 1001 882 1049 neque
902 985 976 1036 ad
996 984 1178 1037 alium
1197 980 1218 1052 ΙΙ
1238 985 1532 1048 quendam
1551 985 1850 1035 Planetam
1869 984 2173 1048 respexisse,
2193 984 2286 1036 sed
2305 1000 2406 1048 per
2425 985 2535 1036 sese
2571 994 2650 1037 127

385 1057 484 1108 suo
499 1054 672 1108 ductu
686 1056 1015 1119 apparuisse.
1031 1054 1398 1118 Quapropter
1411 1069 1567 1105 nunc
1577 1054 1774 1113 statuo,
1790 1055 2004 1105 caudas
2016 1054 2268 1105 eiusdem
2278 1057 2535 1106 materiae
2590 1071 2629 1105 ιο

387 1127 491 1177 esse
513 1141 645 1176 cum
671 1128 869 1188 capite,
897 1124 1219 1187 eodemque
1243 1124 1419 1174 modo
1447 1139 1563 1187 quo
1589 1130 1775 1186 caput,
1803 1139 1903 1187 per
1927 1123 2414 1175 illuminationem
2439 1139 2535 1187 ap-

386 1210 608 1259 parere:
635 1195 692 1245 id
719 1195 875 1258 quod
901 1194 1034 1244 inde
1060 1208 1294 1256 quoque
1319 1192 1681 1244 manifestum
1710 1193 1797 1251 est,
1826 1194 1981 1256 quod
2005 1200 2175 1256 caput
2195 1192 2457 1245 Cometae
2476 1196 2537 1244 in

387 1265 749 1328 disparitione
776 1264 981 1314 eodem
1006 1264 1182 1314 modo
1208 1262 1516 1326 dispersum
1541 1269 1817 1326 appareat
1842 1269 2014 1326 atque
2041 1262 2242 1314 cauda.
2270 1262 2395 1314 Nec
2414 1278 2536 1314 cur-

386 1341 595 1386 uatura
619 1334 718 1384 illa
743 1334 961 1391 caudae,
988 1339 1046 1383 vt
1072 1332 1330 1391 arbitror,
1357 1348 1393 1383 a
1417 1338 1471 1383 te
1498 1331 1645 1383 redte
1672 1332 1985 1390 excusatur,
2014 1347 2146 1383 curn
2170 1332 2318 1383 nihil
2341 1332 2455 1384 tale
2476 1335 2538 1384 in

387 1403 573 1455 Stellis
588 1403 638 1453 &
651 1403 901 1453 Planetis
920 1402 1170 1453 [imiliter
1189 1404 1251 1452 in
1270 1401 1422 1453 recta
1440 1401 1597 1452 linea
1617 1401 1979 1453 existentibus
1999 1409 2291 1465 appareat,
2311 1402 2539 1466 praeser-
2595 1419 2634 1452 15

386 1476 487 1524 tim
512 1475 573 1523 in
598 1478 717 1523 tam
742 1487 928 1535 paruo
954 1471 1261 1530 interstiti0‚
1287 1478 1346 1522 vt
1367 1487 1438 1522 ea
1458 1472 1643 1522 cauda
1662 1470 1783 1522 fuit.
1804 1471 1896 1522 Tu
1915 1471 2062 1531 vide,
2089 1486 2233 1522 num
2257 1471 2384 1522 haec
2408 1486 2542 1523 mea

386 1542 661 1593 sententia
679 1556 819 1592 vera
838 1542 939 1592 esse
958 1542 1130 1604 possit.
1152 1541 1236 1592 Ita
1256 1544 1413 1592 enim
1431 1541 1515 1592 illi
1533 1544 1730 1605 magni
1744 1540 2006 1592 Cometae
2027 1541 2182 1604 apud
2196 1541 2477 1592 Senecam
2490 1540 2541 1592 &

385 1612 729 1671 Pontanum,
744 1626 995 1674 quorum
1009 1610 1151 1662 alter
1164 1617 1345 1661 totam
1357 1613 1516 1662 viam
1528 1609 1773 1662 lacteam
1787 1613 2060 1674 aequauit,
2082 1610 2225 1662 alter
2237 1613 2542 1674 occupauit
2590 1616 2616 1656 ’τ

386 1682 803 1744 quinquaginta
818 1680 1069 1739 GraduS,
1084 1680 1250 1731 facile
1267 1680 1539 1744 explicari
1552 1687 1838 1744 poterunt,
1852 1680 2395 1744 incuruationesque
2409 1695 2540 1732 cau-

386 1752 592 1802 darum
616 1750 780 1801 nulla
805 1750 1169 1801 excusatione
1195 1750 1544 1814 indigebunt.
1573 1750 1682 1800 Etfi
1708 1757 1903 1802 autem
1923 1765 2044 1801 non
2064 1750 2281 1809 asseraS‚
2308 1750 2542 1813 qualem
2590 1769 2635 1802 20

387 1820 764 1872 Cometarum
794 1822 1099 1871 materiam
1130 1820 1355 1879 statuaS,
1387 1827 1584 1871 tamen
1614 1822 1675 1870 in
1707 1819 1823 1870 fine
1857 1820 2064 1883 Operis
2096 1820 2165 1871 de
2199 1819 2541 1872 Graminaeo

386 1905 561 1954 agens
581 1890 792 1941 videris
811 1905 1006 1940 meam
1024 1889 1363 1941 sententiam
1385 1892 1486 1953 reij
1493 1905 1619 1940 cere
1640 1889 2062 1952 Aristotelisque
2083 1892 2422 1953 opinionem
2441 1890 2542 1940 esse

386 1960 648 2011 astruere.
670 1960 889 2010 Verum
913 1959 1162 2010 multum
1188 1959 1260 2010 ab
1284 1959 1598 2010 Aristotelis
1623 1962 1900 2022 opinione
1926 1959 2127 2010 differt.
2156 1959 2257 2010 Ille
2284 1962 2440 2010 enim
2464 1965 2541 2010 te-

386 2044 608 2088 nacem,
629 2029 863 2089 lentam,
884 2030 1115 2080 crassam
1136 2028 1187 2080 &
1206 2029 1479 2081 viscosam
1499 2044 1630 2080 eam
1649 2029 1854 2088 statuit;
1882 2044 1987 2093 ego
2006 2036 2257 2088 tenuem,
2278 2029 2471 2079 leuem
2492 2028 2542 2079 &

387 2114 422 2150 a
448 2099 623 2164 radijs
648 2105 1053 2163 perpurgatam
1079 2114 1147 2150 ac
1173 2097 1488 2151 excoctam:
1515 2099 1618 2149 Ille
1646 2099 1907 2150 comburi
1933 2114 2065 2150 eam
2089 2099 2211 2150 vult
2238 2098 2289 2149 ἃ
2313 2105 2543 2162 propter
2592 2117 2635 2150 25

387 2169 655 2220 ardorem
681 2183 982 2232 apparere;
1010 2184 1115 2232 ego
1142 2184 1273 2220 eam
1299 2184 1420 2220 non
1446 2169 1708 2219 comburi
1732 2168 1825 2219 sed
1851 2184 1888 2219 a
1913 2169 2088 2232 radijs
2115 2168 2422 2220 Stellarum
2447 2167 2542 2219 ab·

386 2238 530 2289 sumi
557 2238 608 2288 &
633 2238 887 2302 dispergi,
918 2238 969 2289 &
996 2253 1099 2302 per
1128 2238 1615 2290 iHuminationem
1643 2253 1939 2302 apparere.
1970 2238 2071 2289 Ille
2099 2238 2199 2289 sub
2225 2238 2408 2297 Luna,
2439 2252 2544 2302 ego

386 2323 525 2359 vero
549 2323 672 2359 non
693 2315 919 2359 tantum
939 2308 1038 2359 sub
1059 2308 1242 2368 Luna,
1268 2310 1651 2360 verumetiam
1669 2311 1732 2359 in
1751 2307 2004 2372 Sphaeris
2023 2308 2395 2359 Planetarum
2414 2322 2545 2359 eam

388 2378 488 2429 esse
506 2377 704 2429 statuo,
733 2377 883 2440 Quae
903 2384 1004 2429 tua
1022 2377 1300 2429 sententia
1318 2378 1396 2437 fit,
1417 2381 1636 2442 ignore.
1665 2377 1875 2429 Dauus
1895 2381 2052 2429 enim
2071 2377 2210 2437 sum,
2232 2393 2353 2428 non
2373 2376 2543 2429 Oedi-

386 2463 509 2511 pus,
549 2447 635 2498 Ex
665 2446 860 2498 Titulo
891 2454 1103 2507 tamen,
1142 2448 1236 2500 De
1273 2447 1457 2499 nouis
1488 2446 1747 2500 aetherei
1775 2447 1994 2500 Mundi
2017 2445 2541 2514 generationibus,
2593 2464 2638 2498 30

388 2532 560 2581 quem
581 2520 643 2568 in
660 2517 839 2568 literis
859 2517 910 2568 &
930 2517 1004 2568 ad
1024 2517 1448 2568 Illustrissirnum
1467 2517 1789 2581 Principem
1810 2517 2065 2569 nostrum
2085 2517 2136 2568 &
2156 2520 2331 2569 etiam
2355 2519 2543 2580 proxi-

387 2589 496 2638 mis
516 2587 589 2639 ad
608 2602 703 2638 me
722 2587 907 2646 missis‚
928 2586 999 2638 fic
1021 2588 1123 2638 esse
1141 2587 1381 2646 voluisti,
1410 2589 1656 2651 coniJcio
1675 2595 1729 2638 te
1751 2602 1882 2639 eam
1901 2587 2215 2639 secundum
2240 2594 2402 2638 tuam
2426 2588 2544 2650 opi-

387 2660 625 2708 nionem
643 2656 831 2708 facere
852 2656 1146 2716 caelestem,
1166 2660 1716 2721 generationemque
1729 2660 1791 2708 in
1806 2656 2036 2709 Caelum
2049 2657 2427 2708 introducere.
2449 2656 2546 2707 An

387 2729 555 2790 igitur
573 2733 755 2790 puteS‚
777 2742 908 2778 eam
929 2742 1000 2777 ex
1019 2727 1391 2778 Planetarum
1411 2727 1748 2791 corporibus
1768 2726 2045 2786 exhalari,
2066 2742 2145 2778 an
2157 2741 2296 2778 vero
2310 2726 2456 2777 alias
2472 2725 2545 2777 ab

387 2799 456 2860 ijs
475 2799 753 2859 generari,
773 2796 909 2848 scire
930 2811 1052 2848 non
1070 2798 1302 2860 possum.
1324 2796 1387 2848 Id
1402 2799 1611 2861 opinor
1624 2804 1843 2848 certum
1857 2797 1946 2856 est,
1968 2812 2101 2848 cum
2114 2798 2545 2861 generationem
2595 2814 2638 2847 35

388 2869 448 2916 in
463 2866 693 2918 Caelum
707 2867 1053 2926 introducaS,
1073 2874 1128 2918 te
1143 2870 1319 2918 etiam
1333 2869 1762 2931 corruptionem
1775 2867 2154 2918 introducere.
2176 2866 2335 2917 Nam
2352 2865 2544 2916 secun-

389 2935 528 2986 dum
547 2937 749 2987 Artem
768 2936 1010 2987 vestram
1034 2939 1328 3000 generatio
1348 2952 1470 2988 non
1491 2936 1669 2987 existit
1688 2936 1791 2987 nili
1811 2952 1883 2987 ex
1903 2938 2286 2999 corruptione.
2313 2934 2424 2987 Sed
2449 2949 2545 2985 ne-

390 3020 542 3068 queo
568 3005 638 3056 de
663 3004 774 3056 hac
793 3021 854 3056 re
874 3006 1005 3069 plus
1024 3021 1210 3070 agere,
1237 3022 1370 3058 cum
1390 3013 1552 3058 tuam
1571 3006 1910 3058 sententiam
1929 3009 2205 3071 ignorem.
2233 3005 2324 3056 De
2345 3005 2545 3070 Hypo-

389 3073 636 3125 thefibus
656 3090 888 3138 quoque
908 3078 1021 3126 tuis
1039 3078 1228 3135 nouiS,
1256 3091 1506 3140 quarum
1524 3076 1573 3128 8.
1595 3079 1760 3140 capit.
1781 3075 1921 3128 facis
1945 3078 2319 3134 mentionem,
2345 3081 2400 3126 te
2425 3089 2547 3125 non

390 3159 490 3208 per
516 3146 715 3195 omnia
740 3145 1011 3208 assequor.
1042 3145 1162 3209 Ipse
1190 3146 1475 3209 equidem,
1505 3161 1640 3197 cum
1665 3145 1965 3198 Elementa
1990 3161 2123 3197 mea
2148 3144 2547 3196 Astronomica
2596 3161 2640 3194 ⁴0

390 3213 818 3273 conscriberem,
845 3214 1052 3266 eodem
1077 3215 1253 3266 modo
1274 3215 1504 3266 Lunam
1530 3216 1738 3268 deinde
1758 3215 1953 3268 Solem
1979 3218 2129 3267 circa
2146 3214 2387 3266 Terram
2413 3227 2545 3264 con-

390 3283 700 3342 stituebam,
731 3283 822 3334 sed
851 3286 912 3335 in
939 3283 1803 3351 Homocentrepicyclepicyclis‚
1834 3288 1895 3335 in
1924 3294 2118 3336 centro
2145 3300 2282 3334 vero
2311 3284 2547 3334 maioris

2308 3353 2357 3403 &
2377 3355 2547 3417 primi
