2748 4204
1001 290 1247 343 LIBER
1274 288 1597 345 PRIMUS
2322 299 2401 351 191

202 451 338 500 quae
363 438 553 500 prima
578 433 768 485 fronte
794 430 946 485 recte
965 432 1022 484 l'e
1041 433 1260 485 habere
1281 440 1578 497 putantur,
1599 436 1981 501 vndiquaque
2001 440 2107 489 rite
2128 439 2399 492 constent.

203 506 498 570 Quodque
524 504 647 557 dies
674 504 832 556 diem
857 504 1079 564 doceat,
1108 503 1160 556 8(
1186 503 1528 568 posteriores
1554 510 1949 571 cogitationes,
1975 515 2035 560 vt
2060 509 2399 573 plurimum,

198 578 330 630 licet
343 591 466 628 non
480 575 720 640 semper,
734 578 960 639 priores
974 574 1342 627 antecellant.
1360 573 1734 630 Reuocarunt
1748 579 1845 644 alij
1864 580 2187 632 admodum
2200 584 2396 647 eximij

198 651 308 700 viri
333 647 521 699 multa
546 662 584 699 a
608 646 664 698 se
690 649 853 710 prius
878 648 1078 697 minus
1105 645 1462 698 confiderate
1488 663 1595 712 pro
1615 651 1769 701 veris
1795 650 2012 710 habita,
2041 654 2218 703 etiam
2244 655 2307 704 in
2329 655 2400 718 ijs

129 739 150 773 ⁵
198 720 474 784 materijS,
500 717 598 770 vbi
624 733 749 769 non
774 716 925 769 adeo
952 716 1203 768 difficilis
1231 724 1354 769 erat
1379 725 1556 782 atque
1582 719 1679 771 hic
1699 724 1956 773 veritatis
1979 723 2397 788 perueftigatiO.

199 790 457 855 Quando
488 804 560 841 ex
587 788 829 853 professo
859 790 1013 840 circa
1039 791 1217 840 totius
1248 788 1459 852 Operis
1486 789 1813 856 Epilog‘um,
1844 794 2002 857 quod
2032 794 2102 845 de
2129 794 2399 860 Ascititijs

198 861 348 914 Caeli
368 860 785 912 Phaenomenis
810 875 933 924 prae
959 858 1236 911 manibus
1256 859 1466 920 habe0,
1496 861 1882 914 Cometarum
1900 871 2175 916 naturam
2196 865 2247 916 8(
2267 882 2396 930 pro-

198 934 572 992 creationem,
610 933 776 983 iuxta
808 933 1079 982 omnium
1112 937 1401 995 quotquot
1431 931 1580 983 mihi
1611 935 1995 986 innotuerunt
2027 939 2397 999 opinationes

198 1003 468 1068 disquir0‚
494 1002 650 1055 hanc
677 1005 854 1054 etiam
879 1008 1061 1061 tuam,
1089 1017 1225 1053 cum
1245 1002 1377 1067 alijs
1397 1002 1744 1067 quibusdam
1764 1020 2141 1057 communem
2162 1016 2394 1071 praeter-

108 1093 150 1128 ιο
197 1077 439 1135 mittere,
466 1081 526 1126 vt
552 1089 733 1138 quam
759 1076 1086 1138 incongrua
1111 1073 1189 1134 fit,
1222 1074 1381 1138 quod
1407 1074 1459 1125 8(
1487 1074 1634 1126 alias
1660 1075 1763 1127 tibi
1787 1075 1990 1141 scripsi,
2021 1092 2096 1128 ne
2125 1078 2394 1139 indicem,

193 1146 356 1199 haud
381 1146 617 1210 possum.
644 1146 927 1196 Attamen
953 1159 1090 1196 cum
1108 1144 1346 1197 videam
1365 1152 1420 1197 te
1441 1147 1504 1197 in
1523 1145 1616 1197 his
1635 1147 1882 1211 teipsum
1908 1151 2192 1212 corrigere
2220 1156 2395 1214 atque

192 1219 416 1283 priores
440 1218 851 1281 conceptiones
878 1218 1207 1280 antiquare,
1234 1215 1450 1268 faciam
1471 1218 1597 1269 eius
1618 1233 1857 1283 quoque
1878 1219 1994 1270 illic
2014 1223 2393 1281 mentionem,

192 1289 369 1354 idque
395 1290 818 1340 conuenienter
845 1286 1150 1339 excusabO.
1179 1288 1301 1353 Ego
1327 1294 1497 1339 tuum
1522 1287 1796 1353 scriptum
1816 1290 1887 1341 de
1910 1289 2160 1342 Cometa
2179 1291 2395 1355 publici

192 1362 336 1412 iuris
355 1375 480 1411 non
499 1359 735 1412 faciam:
764 1357 1174 1411 Nihilominus
1200 1359 1494 1411 nonnulla
1513 1360 1652 1412 hinc
1672 1363 1849 1413 citare
1869 1368 2045 1426 atque
2067 1363 2394 1426 expendere

103 1448 144 1483 15
193 1434 255 1483 in
273 1430 634 1483 laudabilem
653 1433 739 1482 tui
758 1432 1125 1482 mentionem
1144 1433 1340 1495 potius
1361 1430 1539 1492 cedet,
1567 1446 1749 1496 quam
1775 1433 1934 1496 quod
1960 1433 2395 1497 reprehensioni

192 1505 313 1555 erit.
336 1502 499 1554 Dicis
519 1502 760 1567 quidem
779 1516 875 1553 me
895 1510 1296 1566 pugnaturum
1317 1517 1453 1554 cum
1471 1510 1655 1562 muto,
1676 1503 1717 1555 fi
1737 1504 1796 1556 id
1816 1519 2005 1569 agam.
2026 1505 2104 1555 At
2125 1520 2247 1556 non
2266 1521 2392 1557 mu-

191 1580 283 1626 tus
310 1588 440 1626 eras
467 1589 604 1625 cum
628 1572 759 1625 haec
783 1572 1074 1633 scribereS,
1103 1572 1396 1638 literisque
1423 1574 1498 1626 ad
1524 1590 1619 1626 me
1650 1574 1798 1627 datis
1828 1575 2215 1641 confignares;
2248 1576 2394 1628 Sunt

192 1648 351 1697 enim
382 1651 541 1697 notae
572 1644 812 1710 scriptae,
845 1643 1164 1708 praesertim
1196 1651 1300 1697 tua
1330 1649 1570 1710 propria
1600 1661 1787 1698 manu
1819 1654 2091 1708 exaratae,
2124 1663 2230 1711 pro
2262 1647 2393 1712 ipfis

190 1716 382 1769 verbis
409 1715 461 1768 &
485 1716 741 1781 loquela,
767 1718 890 1768 imo
913 1715 965 1767 8(
984 1715 1118 1780 plus
1137 1723 1439 1769 merentur
1457 1717 1750 1782 ponderis.
1780 1717 1872 1770 Sic
1900 1721 2077 1770 etiam
2104 1726 2393 1782 quantum

99 1803 144 1839 20
192 1788 267 1840 ad
280 1803 445 1840 meas
464 1787 662 1840 literas
682 1790 901 1847 attinet,
924 1802 1073 1851 quas
1093 1787 1311 1852 publici
1330 1790 1474 1841 iuris
1495 1789 1753 1849 reddere,
1775 1788 1879 1840 nifi
1899 1797 2134 1855 rogatus
2154 1789 2228 1841 ab
2248 1793 2391 1842 ami-

191 1861 287 1920 ciS,
313 1866 375 1911 vt
400 1859 536 1920 dixi,
564 1874 877 1924 nunquam
901 1858 1327 1919 constitueram,
1355 1876 1492 1912 cum
1517 1860 1719 1912 saltem
1745 1861 1945 1921 obiter,
1972 1868 2145 1925 prout
2170 1863 2232 1912 in
2257 1862 2391 1913 buc-

191 1945 321 1983 cam
340 1937 598 1991 venerat,
625 1933 776 1983 inter
800 1930 1058 1995 plurima
1077 1934 1314 1996 negotia
1334 1939 1592 1984 exaratae
1613 1939 1795 1993 erant,
1821 1931 1964 1984 scias
1983 1948 2079 1983 me
2100 1948 2223 1983 non
2243 1932 2391 1984 adeo

191 2017 397 2054 earum
423 2005 701 2067 penitere,
729 2004 876 2067 quin
900 2002 1003 2054 tibi
1028 2001 1282 2054 liberum
1307 2003 1658 2068 relinquam,
1686 2003 1804 2055 fiue
1824 2006 2117 2068 priuatim,
2145 2003 2262 2055 fiue
2288 2019 2391 2068 pu-

189 2073 354 2135 blice,
382 2089 740 2138 quocunque
766 2073 999 2126 libuerit
1024 2073 1222 2134 mod0,
1254 2090 1389 2139 quae
1416 2077 1479 2126 in
1505 2074 1597 2127 his
1624 2082 1898 2127 contenta
1923 2074 2066 2135 sunt,
2097 2074 2391 2136 discutere,

99 2161 146 2196 25
193 2145 442 2209 probare
468 2145 564 2197 vel
588 2145 939 2210 improbare.
971 2144 1032 2197 Si
1058 2146 1200 2210 quid
1228 2146 1386 2198 iustis
1411 2147 1754 2207 rationibuS,
1781 2146 1877 2198 vel
1901 2153 1965 2198 tu
1989 2146 2084 2198 vel
2111 2146 2396 2210 quispiam

195 2216 346 2268 alius
366 2232 490 2268 non
510 2219 616 2269 rite
636 2219 699 2268 in
718 2216 811 2269 his
832 2216 1034 2282 alijsue
1054 2219 1203 2268 meis
1218 2217 1477 2270 constare
1491 2218 1839 2270 sufficienter
1854 2217 2269 2278 demonstrarit,
2292 2233 2397 2282 ego

192 2287 294 2340 illa
308 2291 594 2353 corrigere
609 2304 733 2340 non
748 2287 1039 2340 erubesc0.
1062 2288 1277 2353 Neque
1298 2305 1405 2354 ego
1428 2305 1564 2341 cum
1577 2290 1921 2354 praeiudicio
1935 2288 2072 2350 vno,
2094 2291 2398 2353 quippiam

192 2361 255 2411 in
279 2362 394 2411 tuis
422 2359 807 2424 disquirendis
827 2360 1146 2425 aggrediar.
1168 2360 1317 2413 Vide
1338 2368 1398 2412 vt
1418 2361 1629 2413 eodem
1650 2361 1904 2413 candore
1926 2363 2078 2412 circa
2096 2375 2231 2411 mea
2254 2376 2395 2424 quo-

194 2446 308 2495 que
327 2434 522 2491 vtaris,
550 2446 658 2483 nec
684 2431 935 2483 iuuenili
962 2431 1223 2496 quodam
1249 2431 1483 2484 feruore
1503 2432 1848 2484 sententiam
1867 2435 2246 2483 immaturam
2265 2446 2395 2495 pro-

100 2519 146 2554 30
193 2505 444 2554 nuntieS.
473 2502 758 2555 Gratulor
783 2503 902 2563 tibi,
930 2503 1090 2567 quod
1118 2519 1190 2555 ex
1217 2506 1565 2568 cogitatione
1591 2506 1855 2556 materiae
1877 2502 2191 2555 Stellarum
2212 2501 2263 2553 8(
2283 2505 2396 2553 viae

192 2571 394 2626 ladteae
415 2573 490 2626 ad
510 2573 692 2626 aliam
713 2576 1060 2639 opinionem
1079 2575 1386 2627 diuerteris
1408 2578 1560 2628 circa
1578 2575 1964 2628 Cometarum
1984 2573 2395 2625 conformatio·

192 2660 347 2706 nem,
363 2660 546 2709 quam
560 2661 633 2697 ea
647 2653 786 2707 erat,
802 2661 922 2710 qua
936 2652 1113 2698 antea
1126 2647 1387 2698 imbutus
1401 2663 1613 2711 parum
1625 2646 1878 2711 Physica,
1894 2645 2185 2710 longeque
2199 2647 2396 2695 minus

193 2715 642 2769 Mathematica:
671 2717 748 2769 Es
775 2720 935 2769 enim
961 2716 1059 2768 hic
1085 2720 1149 2769 in
1173 2718 1334 2770 bona
1353 2721 1466 2778 via,
1489 2718 1529 2769 fi
1550 2734 1682 2770 eam
1709 2716 1932 2782 ingredi
1959 2716 2245 2775 callueriS,
2274 2730 2394 2767 om-

192 2789 410 2852 niaque
437 2787 686 2853 hospitia
711 2791 968 2840 noueriS.
999 2789 1127 2840 Nec
1158 2791 1319 2840 enim
1346 2789 1479 2841 satis
1508 2791 1710 2841 mirari
1736 2795 2018 2853 poteram,
2050 2802 2168 2851 qua
2196 2787 2391 2851 iudicij

100 2874 145 2909 35
192 2858 410 2911 nebula
435 2866 627 2911 tantas
653 2859 1033 2912 absurditates
1054 2859 1323 2921 astruere,
1350 2867 1411 2913 vt
1436 2876 1648 2925 corpus
1671 2860 2071 2919 Cometarum,
2098 2858 2192 2909 vel
2218 2857 2395 2921 teipso

81 2937 162 2981 162
192 2928 424 2991 fatente,
445 2946 628 2996 prope
650 2931 1074 2983 Reuolutiones
1095 2926 1492 3000 Sa-ssturninas
1507 2948 1543 2984 a
1556 2932 1751 2983 Terris
1773 2930 1984 2983 distans
2006 2929 2088 2993 (vt
2107 2930 2178 2981 de
2200 2944 2270 2980 eo
2293 2930 2394 2992 qui

191 3001 372 3053 Anno
401 3002 486 3054 85.
521 3005 809 3067 apparuit,
844 3002 1204 3068 confignasti)
1237 3004 1491 3068 ideoque
1524 3004 1833 3055 necessario
1864 3002 1916 3053 &
1943 3000 2126 3052 Terra
2155 2999 2207 3051 8(
2236 3000 2395 3051 Mari

193 3072 578 3138 omnibusque
602 3073 962 3126 circumfluis
981 3074 1302 3138 vaporibus
1326 3075 1527 3127 multis
1553 3073 1888 3140 parasangis
1914 3075 2107 3124 maius
2135 3070 2393 3130 exfflem,

191 3150 364 3207 prout
377 3143 572 3196 ferunt
587 3145 981 3198 Geometricae
996 3145 1534 3206 demonstrationes,
1556 3145 1943 3197 nihilominus
1963 3142 2102 3194 hinc
2122 3145 2185 3193 in
2204 3141 2394 3206 supre-

99 3229 146 3264 40
192 3230 360 3267 mum
372 3215 619 3268 AEthera
638 3216 958 3277 ascendisse,
979 3216 1172 3268 nescio
1193 3232 1314 3281 quo
1334 3220 1630 3283 incognito
1651 3224 1839 3281 raptu,
1862 3214 1914 3266 8(
1933 3221 2160 3279 partem
2175 3213 2278 3264 esse
2292 3212 2394 3263 suo

191 3291 314 3338 toto
338 3286 527 3339 multo
546 3290 853 3348 maiorem,
880 3290 1266 3352 pronuntiare
1293 3288 1469 3341 ausus
1494 3288 1586 3347 fis;
1613 3288 1791 3352 idque
1817 3285 2049 3351 prorsus
2077 3290 2279 3336 contra
2305 3298 2393 3334 ra-

191 3359 380 3410 tiones
395 3357 868 3411 MathematicaS.
891 3359 951 3411 Si
971 3357 1223 3424 Physicis
1242 3362 1324 3412 ita
1343 3359 1551 3411 sentire
1570 3359 1745 3418 lubet,
1767 3359 2126 3421 coniungant
2145 3355 2253 3406 has
2273 3368 2391 3436 nae-

2261 3438 2391 3475 nias
