2748 4204
178 757 200 790 5

172 815 200 858 ,1.

160 1112 202 1146 10

1050 307 1296 360 LIBER
1323 306 1646 362 PRIMUS
2359 316 2449 368 159

249 460 478 520 guntur.
500 451 652 504 Haec
671 453 844 516 igitur
865 449 917 501 &
937 450 1056 501 alia
1076 450 1264 502 multa
1285 452 1462 501 etiam
1483 458 1659 515 atque
1682 454 1859 504 etiam
1880 453 2265 515 confiderans,
2288 455 2449 508 aliud

250 526 518 576 inuenire
544 537 669 574 non
692 522 930 586 possum,
959 536 1142 585 quam
1167 520 1398 572 nullam
1420 528 1631 585 praeter
1652 525 1887 575 vnicam
1908 524 2222 589 Copernici
2243 526 2447 592 Hypo—

247 594 432 648 thefin
450 609 655 646 veram
682 593 801 644 esse.
831 591 959 644 Nec
984 598 1186 656 peccat
1211 591 1342 643 haec
1369 599 1573 644 contra
1593 592 1831 659 Phyfica
1854 597 2156 660 principia,
2186 613 2294 649 nec
2315 613 2449 650 cum

248 666 430 718 Terra
448 665 693 730 grossum
714 678 926 728 corpus
946 662 1024 723 fit,
1046 669 1357 727 propterea
1378 662 1452 715 ad
1473 665 1840 716 mouendum
1854 666 2131 719 inhabilis
2146 671 2267 720 erit.
2290 668 2447 732 Quid

248 739 407 789 enim
420 742 591 801 putas
605 734 836 799 reliqua
849 733 1054 787 Sidera
1069 732 1209 786 esse?
1229 734 1373 785 Non
1388 736 1547 785 enim
1563 750 1756 787 errare
1773 736 2171 800 Copemicum
2185 739 2448 800 arbitror,

249 823 384 860 cum
409 810 506 867 ait,
533 809 882 872 grauitatem
902 804 1052 856 nihil
1072 805 1235 856 aliud
1257 806 1377 865 esse,
1406 820 1588 869 quam
1608 811 2005 871 appetentiam
2026 810 2327 873 quandam
2346 826 2447 863 na-

247 878 499 931 turalem
524 877 786 942 partibus
811 876 1060 928 inditam
1080 892 1117 928 a
1137 876 1343 928 diuina
1365 877 1740 941 prouidentia
1761 878 2004 942 Opificis
2026 881 2447 942 vniuersorum,

247 957 307 1002 vt
332 952 395 1002 in
420 951 704 1001 vnitatem
730 950 1238 1013 integritatemque
1265 947 1431 999 suam
1456 947 1569 999 sese
1597 948 1899 1001 conferant
1925 952 1987 1001 in
2013 950 2267 1003 formam
2295 952 2450 1017 globi

249 1023 548 1073 coeuntes:
575 1019 850 1083 hancque
870 1016 1245 1071 affectionem
1266 1021 1444 1070 etiam
1464 1018 1602 1079 Soli,
1631 1020 1818 1071 Lunae
1839 1021 2173 1086 caeterisque
2195 1022 2447 1075 Erranti-

249 1107 352 1144 um
376 1090 701 1157 fulgoribus
726 1091 913 1151 inesse,
940 1096 1000 1142 vt
1028 1092 1154 1142 eius
1183 1089 1446 1142 efficacia
1472 1093 1534 1141 in
1562 1106 1648 1151 ea,
1678 1106 1797 1155 qua
1822 1091 1877 1143 se
1904 1092 2332 1157 repraesentant,
2360 1110 2449 1146 ro—

248 1163 532 1216 tunditate
560 1168 970 1227 permaneant:
1002 1176 1138 1225 quae
1168 1161 1559 1213 nihilominus
1588 1162 1787 1214 multis
1816 1164 2006 1215 modis
2035 1163 2169 1215 suos
2197 1164 2451 1217 efficiant

138 1246 219 1290 130
250 1237 537 1287 circuitus.
560 1234 630 1285 Et
648 1233 786 1285 sane
808 1247 944 1284 cum
958 1227 979 1300 ΙΙ
993 1231 1193 1293 Terra,
1214 1239 1275 1284 vt
1295 1232 1508 1297 reliqui
1525 1232 1801 1294 Planetae,
1823 1235 2076 1286 rotunda
2096 1234 2283 1300 figura
2302 1252 2450 1300 prae-

161 1468 201 1503 15

156 1823 201 1858 20

155 2180 200 2214 25

153 2891 198 2926 35

152 3245 198 3280 40

250 1306 369 1359 dita
396 1305 475 1366 fit,
504 1304 879 1369 fimiliterque
908 1303 1094 1356 libera
1118 1306 1182 1355 in
1208 1304 1364 1355 Aere
1391 1305 1660 1368 pendeat,
1691 1320 1794 1356 cur
1824 1320 1958 1357 eam
1983 1305 2059 1357 ad
2085 1306 2450 1359 mouendum

249 1377 573 1430 inhabilem
593 1377 696 1428 esse
717 1375 999 1427 dicamus,
1016 1374 1301 1427 Videmus
1321 1375 1362 1426 fi
1382 1375 1623 1440 globum
1642 1378 1704 1427 in
1725 1376 1880 1428 Polis
1901 1376 1953 1428 &
1972 1377 2091 1428 Axi
2112 1376 2450 1430 exactissime

250 1448 302 1501 ἀ
320 1447 597 1500 subtiliter
617 1454 719 1500 aut
734 1449 1029 1512 erigamus
1043 1453 1145 1498 aut
1159 1446 1597 1511 suspendamus,
1619 1453 1795 1512 atque
1811 1450 1892 1500 ita
1904 1447 2084 1500 libere
2099 1449 2452 1513 pendentem

249 1523 310 1572 in
328 1535 538 1585 gyrum
558 1518 951 1583 impellamus,
980 1533 1120 1569 eum
1139 1517 1273 1570 satis
1294 1517 1396 1570 diu
1416 1518 1576 1570 hunc
1596 1526 1825 1570 motum
1845 1522 2111 1580 retinere,
2139 1535 2247 1571 nec
2267 1519 2451 1572 subito

249 1590 521 1644 cohibere
547 1591 712 1656 posse.
741 1589 801 1643 Si
827 1592 999 1655 igitur
1026 1588 1347 1642 artificialis
1373 1596 1569 1641 motus
1596 1592 1774 1642 etiam
1800 1591 2115 1655 impeditus
2138 1590 2251 1643 hoc
2271 1592 2449 1656 possit;

249 1668 471 1728 quanto
491 1664 678 1727 magis
699 1660 986 1713 naturalis
1006 1676 1131 1712 non
1144 1660 1496 1726 impeditus?
1517 1661 1631 1713 Sed
1646 1661 2024 1714 absurditates
2038 1662 2306 1727 Phyficas
2320 1662 2451 1714 satis

248 1733 534 1799 superque
554 1732 832 1785 refutauit
854 1732 1237 1797 CopernicuS.
1266 1732 1394 1784 Nec
1416 1735 1594 1784 etiam
1614 1732 1793 1785 obstat
1813 1732 2139 1785 authoritas
2158 1733 2452 1785 sacrarum

248 1805 566 1858 literarum.
588 1804 708 1857 Hae
730 1806 891 1856 enim
910 1819 1034 1856 non
1053 1803 1203 1855 mihi
1218 1803 1387 1856 &tibi
1406 1803 1794 1866 solummod0,
1816 1819 2024 1856 verum
2039 1803 2313 1856 omnibus
2329 1820 2450 1856 om-

247 1879 391 1929 nino
411 1875 753 1928 hominibus
773 1875 996 1939 scriptae
1017 1874 1162 1936 sunt,
1190 1875 1267 1927 ad
1288 1891 1545 1940 quorum
1565 1882 1803 1940 captum
1823 1878 2000 1928 etiam
2026 1875 2366 1940 loquuntur,
2392 1883 2452 1927 vt

248 1950 426 2000 etiam
446 1963 654 1999 omnes
673 1946 962 2012 Theologi
983 1949 1045 1998 in
1066 1946 1456 2012 explicatione
1478 1949 1681 2011 capitis
1702 1948 1739 1999 1.
1763 1946 1972 1999 Genes.
1994 1946 2264 1998 fatentur.
2286 1946 2453 1998 Alias

247 2019 417 2071 Luna
437 2025 642 2072 contra
659 2018 1067 2071 Geometricas
1088 2018 1610 2070 demonstrationes
1632 2019 1758 2070 esset
1777 2021 1969 2070 maior
1988 2018 2228 2082 reliquis
2243 2017 2448 2070 stellis.

247 2090 360 2144 Sed
380 2089 433 2142 &
452 2090 598 2142 illud
619 2105 692 2142 ex
711 2089 826 2142 hoc
844 2089 1217 2142 manifestum
1238 2089 1329 2142 est.
1351 2089 1636 2141 Putarunt
1651 2090 1912 2150 Hebraei,
1933 2089 2120 2141 nubes
2139 2091 2202 2140 in
2222 2088 2450 2141 sublimi

246 2162 501 2227 pendere
529 2177 654 2214 non
676 2162 844 2227 posse,
872 2160 978 2213 nili
997 2160 1230 2213 subesset
1249 2164 1499 2213 materia
1518 2161 1722 2226 aliqua
1741 2161 1891 2213 dura
1911 2160 1963 2212 81
1982 2163 2289 2225 imperuia,
2317 2175 2451 2225 quae

247 2234 486 2298 Aquam
506 2233 815 2285 sustineret.
836 2233 933 2285 Ad
953 2231 1172 2284 horum
1192 2235 1365 2298 igitur
1386 2239 1623 2297 captum
1637 2232 1750 2284 sese
1766 2232 2160 2285 accomodans
2175 2231 2340 2283 Deus
2355 2233 2449 2291 ait,

246 2304 460 2357 faciam
481 2304 716 2357 Caelum
741 2303 1001 2356 ferreum
1026 2319 1102 2356 ne
1129 2304 1309 2369 pluat,
1339 2303 1439 2356 &c.
1468 2304 1614 2355 Item
1640 2306 1868 2368 aperuit
1894 2302 2167 2355 fenestras
2195 2302 2361 2363 Caeli,
2387 2304 2450 2354 in

247 2375 512 2436 Diluui0,
534 2375 634 2428 ὅτε.
657 2376 803 2428 Item
823 2375 1039 2437 MoseS,
1062 2391 1198 2427 cum
1219 2378 1315 2436 ait,
1336 2378 1528 2439 primo
1549 2375 1643 2427 die
1665 2375 2130 2426 Firmamentum
2150 2374 2450 2425 conditum

248 2448 366 2507 esse,
387 2454 447 2500 vt
466 2447 812 2500 discerneret
824 2447 1033 2512 Aquas
1051 2446 1225 2512 supra
1238 2462 1349 2498 nos
1364 2447 1437 2499 ab
1451 2447 1642 2511 Aquis
1655 2445 1809 2498 infra
1822 2461 1948 2497 nos‚
1972 2445 2108 2509 Quo
2124 2443 2273 2495 nihil
2286 2443 2448 2496 aliud

246 2518 486 2584 intelligi
511 2519 660 2584 posse
687 2519 951 2579 arbitror,
980 2534 1162 2583 quam
1182 2521 1305 2570 vim
1324 2518 1505 2579 illam,
1530 2533 1650 2582 qua
1670 2517 1856 2569 nubes
1875 2519 1957 2568 ita
1976 2518 2038 2567 in
2058 2514 2286 2567 sublimi
2305 2530 2444 2580 pen-

246 2589 399 2650 dent,
413 2592 605 2655 primo
620 2590 714 2642 die
729 2590 1028 2642 conditam
1043 2590 1163 2641 esse.
1186 2589 1278 2641 Sic
1294 2589 1346 2641 &
1360 2604 1497 2641 cum
1510 2604 1619 2640 nos
1636 2588 1858 2653 Opticis
1872 2587 1944 2639 de
1959 2585 2142 2638 caufis
2155 2593 2444 2651 putemuS,

247 2660 480 2714 Caelum
492 2662 595 2714 esse
606 2668 894 2726 tanquam
906 2659 1229 2726 expansum
1240 2663 1574 2720 tentorium,
1589 2660 1723 2711 ideo
1734 2658 1910 2711 sacrae
1924 2658 2108 2710 literae
2122 2656 2277 2709 hanc
2287 2655 2446 2722 vulgi

247 2735 589 2797 opinionem
617 2732 923 2798 sequentes
950 2732 1187 2785 Caelum
1214 2738 1429 2784 vocant
1459 2730 1796 2795 expansum,
1828 2730 1879 2781 &
1909 2727 2216 2793 Prophetae
2246 2727 2446 2779 Deum

246 2804 578 2868 expandere
594 2803 830 2857 Caelum
843 2810 1131 2868 tanquam
1145 2805 1464 2855 tentorium
1478 2804 1659 2854 aiunt.
1682 2801 1809 2853 Nec
1830 2802 1989 2852 enim
2008 2799 2072 2851 hi
2090 2798 2222 2864 plus
2243 2798 2315 2850 de
2334 2796 2446 2850 hac

244 2877 490 2928 materia
515 2875 947 2936 intellexerunt,
975 2889 1158 2939 quam
1178 2874 1275 2939 alij
1299 2873 1569 2938 vulgares
1590 2873 1863 2924 homines
1883 2878 1986 2923 aut
2006 2872 2183 2922 etiam
2203 2866 2444 2921 Lac'tan-

245 2948 375 3007 tiuS,
401 2962 510 2999 nec
533 2946 783 3012 Spiritus
808 2944 1038 2999 sanctus
1063 2945 1425 3010 sapientiam,
1453 2959 1635 3008 quam
1660 2946 1723 2995 in
1749 2942 2043 2994 Naturam
2069 2941 2235 2992 Deus
2260 2947 2443 2991 trans-

244 3015 406 3078 fudit,
438 3020 510 3083 ijs
538 3018 806 3070 reuelare
835 3017 1038 3078 voluit,
1071 3031 1280 3068 verum
1313 3031 1447 3067 eam
1476 3030 1611 3079 quae
1640 3017 1704 3066 in
1731 3013 2011 3079 stupendo
2039 3012 2143 3064 illo
2173 3010 2225 3062 ἀ
2253 3010 2443 3075 super-

245 3089 516 3150 naturali,
543 3089 615 3142 de
636 3089 1019 3142 Redemtione
1046 3089 1274 3153 generis
1300 3086 1551 3138 humani
1579 3085 1847 3151 mysterio
1874 3086 2217 3136 continetur.
2248 3082 2317 3133 Et
2343 3097 2445 3133 cur

246 3158 529 3212 Salomon
548 3160 700 3213 adeo
721 3160 796 3213 ad
816 3159 1172 3212 miraculum
1186 3158 1363 3222 vsque
1378 3157 1606 3222 sapiens
1620 3156 1855 3209 habitus
1870 3155 1960 3216 est,
1981 3154 2087 3206 nifi
2101 3153 2260 3218 quod
2273 3152 2445 3217 longe

247 3230 719 3284 excellentiorem
744 3234 921 3284 totius
948 3231 1197 3282 Naturae
1225 3231 1621 3294 cognitionem
1646 3227 1903 3287 haberet,
1935 3240 2116 3290 quam
2145 3230 2280 3276 ante
2308 3238 2445 3275 eum

246 3301 554 3367 quisquam
579 3302 747 3355 alius.
775 3302 994 3355 Paulus
1022 3315 1261 3365 quoque
1286 3315 1422 3352 cum
1442 3299 1694 3351 Roman:
1722 3299 1759 3350 1.
1782 3300 1878 3358 ait,
1906 3297 2106 3349 Deum
2125 3310 2198 3347 ex
2217 3293 2443 3346 vifibili-

244 3371 352 3424 bus
374 3372 527 3426 hisce
548 3373 796 3440 agnosci,
825 3388 948 3425 non
970 3371 1207 3426 obscure
1230 3373 1433 3436 arguit,
1461 3370 1634 3435 longe
1661 3371 1948 3422 maiorem
1968 3367 2310 3486 sapientiarln
2323 3363 2444 3485 tDei

2286 3450 2322 3486 a
2347 3450 2441 3484 ere
