2748 4204
114 1116 156 1152 10

104 1393 161 1437 69

114 1473 155 1508 15

106 2186 152 2220 25

104 2898 149 2934 35

104 3255 149 3290 40

1007 310 1254 365 LIBER
1281 310 1606 367 PRIMUS
2342 316 2412 373 97

206 475 346 512 vera
360 459 433 511 51.
450 458 700 511 Minutis
715 456 1008 509 deficiens,
1026 456 1228 520 Quare
1243 455 1283 507 fi
1298 457 1655 510 Borealioris
1671 460 1827 511 oculi
1841 459 2088 513 latitudo
2104 477 2135 514 e
2150 467 2412 516 numeris

206 531 575 583 Ptolemaicis
600 531 830 581 veritati
856 531 1181 592 proximior
1208 530 1330 586 erit,
1359 536 1587 593 oportet
1606 531 1971 584 Aldeboram
1995 536 2286 587 maiorem
2312 552 2411 588 ne-

206 603 436 654 cessario
462 600 717 653 habuisse
738 599 1136 652 Latitudinem
1163 614 1346 663 quam
1374 600 1470 651 ille
1500 602 1748 666 assignat.
1779 603 1906 655 Nec
1933 607 2093 656 enim
2118 612 2257 658 tunc
2281 623 2411 672 pro-

204 676 433 737 piorem
451 672 608 723 fuisse
630 670 866 723 Boreali
887 670 1062 722 oculo
1083 685 1266 734 quam
1287 686 1463 732 nunc,
1491 673 1761 736 possibile.
1791 674 1877 725 Ex
1903 674 1995 727 his
2018 679 2217 741 itaque
2238 685 2410 743 patet,

206 744 619 804 Latitudinem,
648 757 831 807 quam
851 741 1205 793 Ptolemaeus
1226 741 1544 794 Aldeborae
1571 744 1821 809 assignat‚
1849 749 2047 798 minus
2074 755 2264 800 ratam
2291 750 2411 810 esse,

205 815 456 879 ideoque
483 817 546 865 in
572 813 702 874 hoc,
731 813 891 878 quod
914 813 1123 865 nostrae
1144 815 1458 865 intentioni
1478 814 1757 880 refragari
1777 816 2061 879 videatur,
2088 818 2268 871 fidem
2289 836 2412 872 non

203 888 432 938 mereri.
453 886 645 937 Venio
669 900 828 936 nunc
849 884 925 936 ad
946 884 1154 936 Stellas
1175 884 1251 936 ad
1273 884 1630 950 Hybernum
1651 886 1946 952 Eclipticae
1967 888 2412 943 Semicirculum

203 955 538 1021 spectantes.
555 956 607 1008 81
621 958 891 1020 inprimis
905 958 1071 1008 iuxta
1083 954 1405 1020 Tropicum
1420 956 1780 1018 Brumalem‚
1795 959 1893 1010 vbi
1910 959 1991 1023 (vt
2004 963 2090 1012 rei
2103 962 2411 1026 propofitae

204 1027 616 1080 demonstratio
650 1027 981 1079 euidentior
1019 1026 1257 1090 euadat)
1298 1031 1548 1079 occurrit
1590 1029 1814 1081 Lucida
1844 1030 2108 1083 Vulturis
2139 1033 2410 1093 volantiS‚

204 1102 371 1152 cuius
391 1099 805 1159 Latitudinem,
833 1098 966 1150 licet
985 1098 1290 1150 Ptolemaei
1312 1098 1633 1164 Catalogus
1658 1099 1931 1153 exhibeat
1956 1109 2100 1166 part.
2123 1103 2207 1155 29.
2229 1104 2314 1156 M.
2338 1105 2410 1157 10.

203 1177 263 1223 vt
282 1171 357 1223 ob
378 1171 436 1222 id
456 1173 649 1236 prima
673 1170 864 1222 fronte
890 1169 1099 1222 nostrae
1126 1169 1427 1222 sententiae
1453 1173 1617 1235 prius
1644 1172 1802 1224 idem
1828 1172 2106 1238 refragari
2126 1174 2409 1236 videatur,

202 1249 403 1294 tamen
418 1258 553 1294 cum
569 1257 600 1293 e
615 1240 1128 1294 Declinationibus
1142 1242 1425 1293 Veterum
1440 1242 1839 1295 Latitudinem
1854 1246 1981 1296 eius
1999 1261 2160 1305 eru0‚
2182 1252 2411 1298 tantum

202 1313 370 1373 abest,
391 1320 451 1365 vt
471 1314 600 1365 haec
622 1313 802 1365 Stella
821 1313 879 1364 id
901 1313 1061 1377 quod
1081 1313 1443 1365 intendimus
1464 1315 1822 1376 interturbet,
1843 1322 1904 1367 vt
1924 1316 2091 1368 nulla
2111 1316 2369 1371 exactius
2390 1314 2411 1386 ΙΙ

203 1385 255 1436 81
276 1387 486 1437 certius
507 1384 757 1450 idipsum
776 1384 1024 1437 stabilire
1047 1387 1459 1449 comperiatur.
1488 1385 1619 1437 Fuit
1640 1389 1800 1438 enim
1820 1386 1949 1439 haec
1971 1390 2123 1440 circa
2142 1395 2411 1454 tempora

203 1456 543 1518 Priscorum,
568 1457 639 1509 de
661 1455 875 1521 quibus
894 1455 1124 1520 loquor,
1152 1458 1425 1520 proxima
1446 1472 1565 1521 quo
1586 1457 1662 1509 ad
1683 1458 2137 1523 Longitudinem
2156 1459 2409 1525 Tropico

202 1527 507 1593 Hyberno,
521 1528 775 1592 ideoque
786 1527 882 1579 vel
896 1543 968 1579 ex
982 1527 1104 1580 sola
1115 1527 1531 1580 Declinatione
1547 1528 1721 1594 ipfius
1733 1530 2007 1582 Latitudo
2021 1530 2191 1584 facile
2206 1535 2407 1597 patuit.

202 1599 362 1651 Nam
382 1615 544 1651 anno
560 1599 1058 1652 Obseruationum
1071 1599 1460 1661 TimochariS,
1483 1601 1725 1665 quando
1742 1604 1841 1653 vix
1856 1601 2031 1654 Sexta
2051 1609 2214 1667 parte
2234 1606 2409 1656 vnius

200 1670 413 1735 gradus
432 1670 554 1736 ipso
570 1671 796 1723 Coluro
811 1671 1102 1723 Solstitiali
1123 1674 1382 1724 anterior
1403 1679 1542 1732 erat,
1564 1672 1899 1725 Declinatio
1921 1676 2047 1725 eius
2067 1675 2408 1728 inuenieba-

200 1749 294 1794 tur
317 1749 462 1807 part.
485 1744 534 1795 5.
558 1743 644 1795 Μ.
665 1743 750 1803 48,
777 1742 1031 1807 ideoque
1056 1743 1330 1795 Latitudo
1359 1743 1623 1807 (assumta
1648 1744 1808 1796 illius
1828 1744 1969 1797 AEui
1996 1745 2408 1798 Declinatione

201 1813 486 1878 maxima)
513 1821 658 1879 part.
683 1814 768 1866 29.
797 1815 883 1866 M.
905 1815 1020 1868 393.
1050 1815 1264 1875 euadit,
1293 1817 1388 1867 cui
1415 1817 1594 1867 etiam
1620 1815 1961 1880 astipulatur
1988 1816 2409 1882 Hypparchica

201 1888 523 1947 annotati0,
551 1887 806 1950 prodens
828 1886 1080 1938 eandem
1103 1886 1338 1951 prorsus
1359 1886 1853 1948 Declinationem‚
1882 1903 1953 1939 eo
1981 1889 2140 1952 quod
2166 1888 2296 1941 haec
2322 1891 2407 1941 in-

199 1956 531 2009 sensibiliter
546 1960 698 2010 circa
712 1957 1027 2010 Solstitium
1041 1958 1397 2011 variabatur.
1419 1958 1562 2011 Inde
1577 1959 1850 2011 Latitudo
1866 1959 2061 2012 Stellae
2080 1962 2257 2013 etiam
2276 1976 2406 2024 pro-

199 2028 479 2081 manabat
498 2035 643 2094 part.
664 2030 750 2082 29.
773 2029 858 2081 M.
880 2029 966 2082 39.
988 2030 1058 2081 Et
1077 2029 1210 2082 licet
1230 2029 1590 2083 Ptolemaica
1610 2030 1940 2091 declinatiO,
1963 2046 2098 2095 quae
2121 2037 2245 2083 erat
2264 2032 2406 2084 duo-

198 2099 307 2151 bus
327 2099 610 2165 scrupulis
630 2103 838 2162 maior,
860 2101 1129 2153 videatur
1149 2101 1548 2154 Latitudinem
1568 2101 1724 2154 hanc
1743 2102 2115 2167 sesquialtero
2135 2102 2407 2168 scrupulo

199 2169 508 2224 arctiorem
527 2172 786 2234 reddere,
809 2188 881 2225 eo
903 2173 1063 2238 quod
1082 2175 1132 2224 is
1151 2173 1299 2233 forte
1320 2189 1444 2225 non
1463 2176 1527 2225 in
1547 2173 1678 2239 ipfis
1697 2173 1980 2239 scrupulis
1999 2172 2406 2227 exac'tissimam

199 2241 530 2296 adhibuerit
549 2244 973 2309 praecifionem;
995 2252 1197 2297 tamen
1210 2244 1325 2297 hoc
1339 2244 1490 2297 nihil
1504 2248 1796 2310 importat,
1816 2245 1912 2298 sed
1925 2245 2275 2298 sufficienter
2288 2262 2407 2298 vna

199 2329 333 2365 cum
353 2318 578 2368 caeteris
599 2316 892 2368 attestatur
912 2316 1311 2369 Latitudinem
1330 2317 1543 2369 lucidae
1565 2319 1627 2369 in
1647 2317 1871 2382 Aquila
1889 2316 2045 2369 fuisse
2073 2317 2176 2369 illa
2197 2318 2405 2370 mundi

198 2392 368 2438 aetate
400 2393 544 2452 part.
575 2388 661 2440 29.
693 2388 779 2440 M.
811 2388 895 2440 39.
928 2404 1110 2453 quam
1142 2391 1428 2453 proxime.
1464 2388 1739 2453 Cumque
1774 2404 1846 2441 ea
1876 2404 2035 2440 nunc
2066 2391 2405 2441 inueniatur

197 2463 340 2522 part.
356 2458 441 2510 29.
458 2459 543 2511 M.
559 2459 632 2511 21.
648 2459 1020 2512 manifestum
1035 2460 1110 2512 est
1125 2475 1259 2512 eam
1273 2460 1670 2512 Latitudinem
1689 2463 1914 2512 interea
1934 2458 2234 2512 coarctasse
2254 2460 2402 2512 scru-

196 2529 350 2593 pulis
366 2530 438 2582 18.
455 2538 745 2595 quantum
761 2534 939 2583 etiam
953 2533 1200 2584 accessus
1216 2532 1512 2596 Eclipticae
1526 2534 1776 2583 vicinior
1791 2547 1863 2583 eo
1880 2534 1943 2583 in
1959 2532 2091 2584 loco
2110 2530 2402 2596 efflagitat,

195 2606 254 2652 vt
267 2601 363 2653 vel
377 2617 450 2653 ex
465 2601 577 2654 hac
591 2601 714 2654 sola
728 2603 908 2655 Stella
922 2606 1088 2656 iuxta
1101 2603 1423 2668 Tropicum
1438 2604 1809 2670 Hybernum,
1825 2603 2143 2667 prael'ertim
2157 2602 2197 2654 si
2212 2605 2403 2667 capita

197 2670 594 2725 Geminorum
619 2690 803 2739 prope
824 2674 1147 2740 Tropicum
1165 2675 1458 2727 AEstiuum
1483 2678 1546 2726 in
1572 2675 1758 2727 altera
1782 2674 2094 2726 medietate
2114 2689 2234 2726 vna
2252 2676 2402 2726 vice-

195 2743 362 2796 uersa
391 2744 801 2806 adhibeantur,
831 2746 965 2799 satis
995 2746 1367 2812 comprobari
1398 2754 1589 2811 queat,
1621 2746 1770 2798 fixas
1801 2745 2009 2798 Stellas
2039 2745 2402 2797 Latitudines

195 2817 422 2867 ratione
439 2823 682 2869 mutatae
697 2818 1057 2883 obliquitatis
1072 2818 1342 2884 Signiferi
1356 2816 1931 2883 proportionabiliter
1944 2818 2191 2869 variare.
2214 2816 2401 2880 Siqui-

197 2885 331 2938 dem
359 2893 481 2939 tam
509 2892 866 2941 vnanimiter
894 2892 957 2941 in
985 2889 1098 2942 hac
1128 2890 1309 2942 Stella
1336 2889 1926 2955 praestantissimorum
1956 2888 2196 2940 illorum
2225 2890 2403 2939 trium

195 2957 507 3011 Artificum
539 2960 864 3013 obseruatae
897 2961 1341 3013 Declinationes
1374 2961 1756 3021 consentiunt,
1791 2975 1925 3024 quae
1960 2962 2137 3011 etiam
2165 2958 2286 3011 fere
2316 2961 2400 3010 in-

195 3032 441 3082 uariatae
472 3039 654 3093 erant,
686 3035 974 3097 quoniam
1001 3033 1182 3085 Stella
1206 3032 1475 3097 Tropico,
1508 3047 1627 3096 quo
1653 3030 1729 3083 ad
1755 3031 2182 3096 longitudinem
2208 3032 2403 3082 vicina

195 3100 607 3163 insenfibiliter,
628 3110 689 3155 vt
709 3104 829 3156 dixi
845 3104 1324 3156 Declinationem
1343 3105 1612 3155 mutauit.
1628 3103 1797 3155 Vnde
1819 3105 1998 3154 etiam
2017 3102 2058 3154 fi
2078 3101 2219 3166 quid
2240 3101 2398 3166 dubij

195 3174 257 3223 in
277 3175 404 3225 eius
425 3173 817 3240 Longitudine
837 3175 1019 3228 latere
1039 3178 1266 3240 poterit,
1288 3175 1522 3226 nullum
1543 3189 1803 3226 errorem
1822 3176 1886 3225 in
1906 3176 1976 3239 ijs
1997 3189 2132 3238 quae
2153 3172 2400 3224 intendi-

195 3258 328 3296 mus
344 3260 415 3296 eo
430 3248 494 3297 in
506 3245 639 3298 loco
656 3247 987 3299 infinuabit.
1011 3247 1123 3300 Sed
1140 3247 1192 3299 81
1206 3248 1460 3298 Antares
1474 3249 1537 3297 in
1552 3246 1762 3298 eadem
1776 3244 2071 3309 Eclipticae
2091 3244 2400 3296 medietate

195 3314 351 3366 idem
369 3316 609 3369 vlterius
631 3318 958 3379 confirmat,
981 3334 1116 3383 quae
1137 3325 1259 3370 tam
1274 3334 1305 3369 e
1319 3317 1707 3383 Tymocharis
1722 3332 1904 3381 quam
1919 3314 2268 3381 Hypparchi
2282 3314 2398 3365 De-

197 3385 609 3441 clinationibus
636 3392 938 3442 inuenitur
963 3397 1108 3455 part.
1136 3390 1185 3441 4.
1214 3390 1300 3441 M.
1329 3390 1401 3441 14.
1431 3388 1827 3451 (Ptolemaicae
1854 3387 2252 3508 Declinatiolni
2278 3387 2398 3507 ‹teui-

341 3470 383 3505 13
2204 3472 2277 3507 en
2304 3470 2397 3506 em
