2730 4212
379 300 469 350 310
723 292 1325 347 EPISTOLARUM
1351 291 2181 344 ASTRONOMICARUM

377 437 447 486 lic
473 433 794 489 declarabit,
819 430 913 481 sed
939 432 1110 480 etiam
1135 429 1483 493 propensum
1508 437 1917 493 amantemque
1943 433 2207 482 animum
2227 446 2360 496 erga
2378 449 2521 497 prae-

377 506 591 556 claram
611 508 790 552 artem
810 499 1265 550 Astronomicam
1286 498 1513 563 publice
1534 499 1799 558 ostendet,
1827 502 2046 562 eritque
2071 500 2130 551 id
2154 508 2434 564 praeterea
2455 503 2520 555 C.

375 574 438 624 T.
467 572 559 623 vel
587 585 717 622 eam
746 570 817 620 ob
847 568 1092 626 causam,
1123 567 1279 631 quod
1309 568 1374 620 C.
1395 567 1459 619 T.
1489 585 1699 632 parens
1726 569 1923 619 multis
1950 569 2162 621 abhinc
2190 573 2360 622 annis
2389 587 2523 636 erga

375 644 573 693 Artem
610 640 760 690 hanc
796 652 1009 701 magna
1039 634 1414 688 delectatione
1445 637 1682 690 affectus
1713 638 1897 697 fuerit,
1935 638 2367 703 plurimumque
2398 644 2522 693 eius

374 714 586 775 peritus
620 708 696 767 fit,
735 708 1090 758 conueniens
1122 705 1172 756 &
1203 706 1528 770 gloriosum.
1567 707 1680 759 Scit
1715 707 2095 771 proculdubio
2127 708 2193 760 C.
2225 708 2290 761 T.
2321 710 2455 762 inde
2486 727 2523 763 a
2570 728 2592 762 ⁵

375 779 585 831 Mundi
609 777 934 841 primordijs
953 775 1105 827 hanc
1123 775 1424 827 sublimem
1443 776 1736 828 scientiam
1755 791 1791 828 a
1808 780 2050 841 magniS,
2071 777 2123 829 &
2140 778 2420 842 praeclara
2437 782 2521 832 in-

373 849 681 912 telligentia
708 846 959 909 praeditis
984 844 1288 896 illustribus
1313 847 1466 905 viriS,
1496 845 1759 910 adeoque
1786 846 2247 910 Imperatoribus,
2277 849 2522 914 Regibus

374 918 424 969 &
449 916 818 979 Principibus,
848 921 1016 978 prout
1046 917 1220 965 etiam
1243 914 1607 978 peculiariter
1633 915 1684 966 &
1708 917 1998 979 praecipue
2023 931 2059 968 a
2085 917 2151 969 C.
2171 916 2236 969 T.
2262 918 2520 979 Parente,

372 990 451 1038 vti
470 987 733 1044 diximuS,
762 984 1048 1035 excultam
1069 983 1199 1034 &in
1218 986 1401 1047 pretio
1420 984 1695 1045 habitam,
1721 1000 1828 1036 nec
1853 1001 1975 1036 non
1996 987 2273 1050 requisitis
2291 987 2520 1052 sumpti-

371 1059 477 1108 bus
493 1056 543 1106 &
556 1054 920 1107 adminiculis
932 1053 1241 1105 liberaliter
1253 1053 1614 1106 sustentatam
1627 1054 1797 1106 fuisse.
1815 1055 1956 1106 Non
1969 1055 2167 1108 dubito
2181 1059 2364 1121 igitur,
2379 1060 2522 1122 quin
2573 1075 2615 1110 10

372 1126 437 1178 C.
467 1125 530 1176 T.
560 1124 810 1176 [imiliter
837 1123 910 1174 ad
940 1138 1071 1174 eam
1097 1122 1414 1174 fouendam
1442 1123 1724 1187 propensa
1751 1123 1830 1185 fit,
1862 1124 1914 1176 &
1945 1125 2230 1178 excelsum
2257 1129 2522 1180 animum

370 1196 536 1247 suum
560 1197 622 1245 in
646 1192 974 1245 huiusmodi
993 1192 1309 1243 coelestibus
1329 1200 1503 1256 atque
1523 1193 1718 1245 arduis
1737 1194 1930 1259 studijs
1949 1195 2185 1247 subinde
2204 1211 2242 1248 a
2259 1196 2520 1249 terrestri-

369 1266 475 1316 bus
502 1265 670 1327 (inter
695 1278 827 1326 quae
851 1262 1232 1313 nihilominus
1255 1262 1466 1314 versari
1490 1262 1729 1327 cogitur)
1758 1264 1989 1324 elatum,
2015 1268 2198 1330 magis
2222 1269 2520 1331 magisque

369 1332 603 1386 deledtet
616 1340 788 1396 atque
803 1338 986 1391 acuat,
1009 1346 1256 1395 eamque
1271 1332 1344 1383 ob
1358 1332 1590 1384 causam
1602 1335 1683 1385 ita
1695 1333 1901 1386 affedta
1912 1334 1990 1393 fit,
2010 1341 2070 1386 vt
2081 1334 2358 1399 superiori
2370 1352 2520 1388 meae

367 1405 626 1467 petitioni
638 1402 833 1453 locum
846 1401 1002 1465 apud
1014 1402 1069 1453 se
1084 1401 1394 1453 clementer
1407 1403 1697 1455 concedat.
1711 1403 2163 1468 Quamprimum
2173 1405 2355 1469 aliqui
2364 1421 2520 1458 meo·
2573 1423 2615 1457 15

367 1488 497 1525 rum
510 1472 828 1523 Tomorum
842 1471 1069 1535 prorsus
1084 1471 1326 1523 absoluti
1338 1472 1566 1533 fuerint,
1584 1488 1706 1524 non
1718 1473 1915 1525 saltem
1929 1473 1995 1526 C.
2010 1473 2075 1526 T.
2090 1475 2334 1535 Parenti,
2355 1475 2520 1540 fiqui-

367 1544 498 1594 dem
518 1542 583 1594 C.
606 1542 667 1593 E.
688 1541 975 1605 infigniter
993 1543 1063 1605 ijs
1083 1539 1407 1600 delectetur,
1434 1558 1502 1594 ac
1520 1542 1766 1607 idipsum
1786 1543 2095 1596 clementer
2114 1560 2151 1596 a
2168 1560 2262 1596 me
2282 1548 2520 1609 petierit,

365 1627 567 1663 verum
589 1614 762 1662 etiam
777 1612 842 1662 C.
857 1611 921 1662 T.
943 1626 1148 1663 eorum
1166 1611 1388 1675 aliquot
1407 1612 1778 1677 Exemplaria
1796 1615 2256 1674 communicab0‚
2278 1615 2330 1666 &
2348 1615 2522 1668 sicubi

366 1683 509 1734 alias
524 1681 588 1733 C.
604 1681 668 1733 T.
683 1687 909 1745 gratum
923 1681 1061 1744 quid
1074 1681 1340 1745 praestare
1352 1688 1571 1746 potero,
1593 1698 1772 1746 quam
1790 1685 2263 1748 promptissimum
2281 1700 2376 1736 me
2397 1685 2520 1737 offi-

365 1755 517 1803 ciose
543 1751 594 1802 81
619 1758 949 1802 reuerenter
974 1750 1192 1811 defero;
1219 1758 1392 1815 atque
1411 1754 1474 1802 in
1493 1751 1583 1804 his
1604 1752 1670 1805 C.
1690 1752 1755 1804 T.
1775 1753 1922 1804 mihi
1940 1753 2161 1818 semper
2178 1762 2349 1818 prout
2366 1755 2521 1808 volet
2569 1771 2615 1806 20

364 1823 671 1885 praecipiat.
700 1821 938 1884 Iamque
963 1821 1028 1873 C.
1049 1820 1113 1872 T.
1141 1821 1274 1873 DEI
1301 1822 1730 1886 omnipotentis
1748 1822 1971 1875 Tutelae
1996 1826 2058 1875 in
2083 1824 2367 1876 diutinam
2391 1841 2520 1890 pro-

363 1891 684 1955 speritatem
703 1890 945 1942 fideliter
964 1891 1431 1943 commendatam
1450 1891 1657 1944 habeo.
1685 1893 1906 1945 Datum
1925 1893 2288 1959 Vraniburgi‚
2315 1895 2399 1947 20.
2420 1895 2520 1947 Fe-

363 1962 595 2025 bruarij,
616 1961 793 2011 Anno
813 1961 955 2012 1592.

605 2062 797 2105 INFRA
823 2062 953 2105 HAS
981 2062 1247 2105 LITERAS
1272 2062 1499 2107 TYCHO
1526 2063 1664 2107 HOC
1690 2064 1985 2116 SEQUENS
2012 2065 2281 2108 IPSEMET

953 2126 1453 2170 SUBSCRIPSERAT
1477 2128 1883 2171 EPIGRAMMA.
1909 2127 1930 2188 ΙΙ
2569 2138 2614 2172 25

639 2210 768 2332 ΙΝ
766 2209 861 2332 CSL
874 2210 1034 2262 YTE
1048 2211 1410 2292 MAVRITl,
1423 2210 1786 2278 sublimibus
1807 2227 2013 2266 annue
2034 2213 2254 2310 coeptis
2551 2223 2638 2266 279

830 2296 851 2331 1
873 2283 1070 2342 vacat,
1093 2283 1276 2348 atque
1295 2282 1418 2334 alio
1435 2296 1559 2335 non
1581 2285 1685 2335 tua
1705 2296 1854 2335 cura
1877 2286 2076 2336 Vocat.

640 2350 771 2402 Nec
784 2349 1001 2417 pigeat
1016 2348 1250 2415 nostros
1271 2350 1432 2404 vena
1449 2349 1746 2416 illustrare
1763 2352 2011 2406 labores

781 2419 1095 2483 Melliflua,
1118 2420 1228 2473 tibi
1245 2435 1427 2487 quam
1446 2421 1655 2475 fautor
1670 2422 1892 2488 Apollo
1912 2422 2086 2475 dedit.

642 2490 780 2541 Non
815 2488 1071 2557 indigna
1092 2493 1209 2553 tuo,
1230 2505 1348 2544 nec
1367 2505 1525 2558 ages
1544 2491 1748 2545 aliena
1766 2493 2047 2555 Parente,
2570 2509 2615 2544 30

784 2559 903 2623 Oui
917 2562 1062 2613 Iura
1082 2560 1337 2628 egregie
1356 2562 1542 2614 callet
1558 2564 1845 2628 amatque
1864 2562 2020 2615 Poli:

642 2630 773 2682 Nec
794 2628 903 2682 tibi
920 2631 1302 2693 dedecorum,
1325 2630 1467 2697 quia
1485 2631 1794 2698 Principis
1813 2633 2051 2695 enthea,
2065 2631 2185 2699 soli

781 2700 967 2752 Haud
983 2698 1250 2765 obftridta
1271 2700 1417 2754 Solo
1434 2716 1616 2754 mens
1635 2704 1796 2769 agat,
1819 2703 1945 2754 alta
1968 2704 2144 2755 volet.

642 2769 817 2822 Adde
838 2771 999 2836 quod
1016 2785 1140 2823 vna
1158 2785 1383 2824 nouem
1402 2769 1631 2837 MusaS,
1654 2786 1811 2838 quas
1830 2770 2053 2839 diligis,
2074 2773 2240 2825 inter

791 2839 1020 2892 Vrania
1039 2838 1132 2904 est,
1148 2840 1352 2907 primo
1371 2839 1798 2908 conspicienda
1815 2842 1975 2904 loco:
2569 2858 2614 2892 35

644 2909 823 2961 Hanc
840 2908 1034 2976 igitur
1048 2910 1287 2964 modico
1298 2908 1349 2977 si
1364 2910 1609 2964 ornaris
1634 2910 1932 2973 Carmine,
1954 2911 2061 2965 fiet

787 2977 935 3031 Cum
956 2978 1149 3033 fratre
1170 2980 1480 3048 &reliquo
1491 2983 1639 3048 plus
1660 2980 1768 3033 tibi
1785 2981 1985 3035 amica
2005 2983 2207 3035 choro.

643 3046 775 3113 Ipse
796 3063 1033 3115 quoque
1051 3049 1145 3115 (vt
1160 3050 1411 3118 magnis
1427 3051 1615 3104 liceat
1632 3065 1999 3118 componere
2011 3049 2236 3118 parua)

785 3117 857 3169 Si
871 3133 1011 3171 mea
1031 3118 1177 3185 quid
1194 3122 1402 3173 valeat
1418 3119 1674 3186 Musula,
1690 3123 1916 3188 gratus
1935 3135 2057 3174 er0.

1534 3208 1720 3260 Celfit.
1739 3208 1804 3260 T.
1825 3206 2104 3260 Addic'tiss.
2570 3223 2616 3258 4ο

1878 3289 2114 3342 TYCHO
2140 3289 2381 3341 BRAHE.

2345 3357 2521 3410 DEM
