2748 4204
128 1129 169 1165 10

128 1485 170 1520 15

118 1620 169 1664 81

123 2202 167 2237 25

1016 329 1263 382 LIBER
1290 330 1611 385 PRIMUS
2323 338 2414 390 109

217 471 404 524 solum
423 486 528 536 per
547 468 946 535 Horologium
971 469 1067 523 sed
1094 473 1272 523 etiam
1291 473 1664 538 praeterlapso
1685 475 1962 528 Ianuario
1984 476 2293 542 aliquoties
2313 495 2415 543 per

217 543 526 602 Venerem,
553 556 735 612 quam
760 540 836 593 ad
861 543 947 593 tui
972 544 1380 604 imitationem,
1408 560 1528 596 vna
1552 561 1688 596 cum
1708 546 1843 598 Sole
1870 548 2124 600 interdiu
2148 549 2414 602 obserua-

217 617 318 675 uit,
332 613 505 666 iustas
519 612 841 664 adinuenit.
857 612 1352 666 Mathematicum
1365 620 1565 667 tamen
1579 616 1836 669 nostrum
1852 634 1923 670 ea
1937 619 2007 671 de
2022 635 2084 671 re
2098 619 2245 672 serio
2260 637 2414 673 com-

216 684 588 750 pellauimus‚
621 685 723 747 qui
754 683 925 735 nobis
957 684 1168 745 retulit,
1201 684 1257 736 se
1288 691 1428 737 tunc
1459 690 1738 751 temporis
1770 704 1873 753 per
1897 690 2142 742 Veneris
2175 691 2415 744 Stellam

216 753 663 821 deprehendisse,
689 759 920 806 motum
939 754 1091 807 Solis
1111 758 1174 807 in
1194 755 1584 820 Ephemeride
1604 764 1706 810 tua
1726 760 1895 812 nobis
1914 761 2242 823 transmissa‚
2264 765 2415 815 circa

217 824 494 879 octauum
518 825 768 891 gradum
793 837 851 876 ww
877 825 1103 890 aliquot
1123 826 1376 879 Minutis
1401 828 1720 881 tardiorem
1747 831 1866 890 esse,
1895 847 2076 895 quam
2102 835 2164 884 in
2189 833 2307 885 fine
2328 834 2413 886 Ia-

215 899 432 963 nuarij;
453 897 562 949 Per
576 895 986 960 Quadrantem
1006 899 1185 950 etiam
1205 898 1480 959 nostrum,
1502 899 1654 952 Solis
1668 907 1913 962 motum,
1934 918 2057 954 non
2070 903 2237 955 aliter
2251 907 2412 956 inue-

215 969 348 1022 nisse
362 974 539 1033 atque
553 967 903 1033 assumpfisse‚
925 984 1107 1033 quam
1122 968 1468 1034 Ephemeris
1487 977 1606 1031 tua,
1631 971 1835 1036 (quam
1855 976 2032 1025 etiam
2052 977 2114 1025 in
2134 974 2292 1026 hunc
2313 992 2413 1027 an-

215 1055 361 1093 num
381 1039 576 1092 debito
595 1038 776 1091 modo
798 1039 1096 1104 extendit‚)
1116 1040 1288 1093 illum
1308 1040 1558 1094 exhibet.
1581 1042 1988 1096 Nihilominus
2002 1050 2201 1097 tamen
2215 1046 2416 1098 Venus

215 1110 447 1164 nullum
467 1110 653 1163 alium
671 1110 871 1163 locum
891 1110 1207 1164 Stellarum
1226 1112 1508 1165 Fixarum
1528 1114 1808 1166 concedit.
1831 1113 2125 1167 Existimat
2144 1119 2341 1181 itaque
2361 1124 2415 1170 te

217 1181 678 1235 Refrac'tionibus
697 1184 952 1234 nimium
971 1183 1243 1244 tribuere,
1266 1184 1560 1249 Opinatur
1574 1201 1829 1250 quoque,
1852 1202 1924 1238 ex
1938 1202 2057 1251 quo
2070 1193 2301 1252 tempus
2315 1204 2417 1252 per

216 1253 497 1307 Armillas
522 1253 903 1318 AEquatorias
931 1254 1212 1320 indagare
1241 1255 1444 1316 soleas,
1476 1254 1764 1308 Refradtio
1794 1263 1994 1309 autem
2026 1257 2176 1310 Solis
2202 1261 2264 1311 in
2291 1259 2414 1312 Cir-

217 1325 350 1379 culo
380 1325 660 1386 verticali,
693 1324 746 1377 &
777 1341 902 1377 non
935 1325 1258 1378 secundum
1289 1327 1744 1392 Longitudinem
1777 1328 2071 1394 Eclipticae
2104 1333 2414 1395 contingat,

216 1396 386 1450 facile
417 1396 690 1458 accidisse,
723 1403 783 1448 vt
813 1403 1046 1462 tempus
1079 1397 1387 1463 aliquanto
1417 1399 1658 1451 breuius
1690 1399 2063 1464 assumpseriS‚
2097 1401 2258 1465 quod
2289 1401 2415 1454 fieri

216 1475 487 1534 nequeat,
513 1467 555 1520 fi
580 1468 639 1520 id
664 1483 769 1533 per
787 1467 1114 1522 Azimutha
1136 1469 1288 1522 Solis
1314 1470 1636 1535 indagetur.
1664 1471 1744 1523 At
1769 1474 2054 1535 quoniam
2078 1478 2142 1524 tu
2167 1473 2415 1537 idipsum

217 1542 368 1593 circa
398 1538 845 1605 AEquinoctium
876 1540 1244 1594 Autumnale
1276 1557 1380 1606 per
1410 1542 1706 1594 Venerem
1737 1542 1923 1595 Mane
1955 1542 2218 1608 probasti,
2259 1551 2414 1596 certo

217 1606 613 1679 conclu-udere
633 1626 758 1664 non
776 1614 982 1677 potuit,
1003 1628 1125 1677 qua
1143 1614 1206 1664 in
1225 1619 1389 1678 parte
1403 1616 1612 1665 vitium
1631 1613 1825 1666 lateat.
1840 1614 1977 1666 Vtvt
1996 1621 2195 1667 autem
2214 1615 2293 1676 s1t,
2314 1632 2411 1668 ne-

215 1685 451 1748 quimus
477 1699 515 1735 a
540 1683 744 1735 nostris
772 1682 1313 1745 obseruationibuS,
1344 1700 1492 1749 quas
1521 1701 1646 1737 non
1673 1687 1891 1737 minori
1916 1685 2213 1751 diligentia
2238 1693 2412 1751 atque

214 1761 278 1807 tu
304 1760 452 1816 tuas,
482 1754 848 1816 instituimuS‚
879 1754 1184 1808 discedere.
1217 1755 1493 1821 Cumque
1519 1772 1679 1809 nunc
1704 1756 1902 1809 multis
1928 1759 2101 1809 annis
2128 1757 2411 1810 Obserua-

216 1829 404 1878 tiones
414 1824 878 1888 tractauerimuS,
891 1826 944 1879 &
954 1827 1394 1879 Astronomiam
1406 1827 1784 1880 lubentissime
1798 1844 1902 1893 per
1915 1844 2024 1880 nos
2038 1844 2412 1893 promouere-

214 1913 363 1958 muS,
396 1897 616 1950 Idcirco
649 1897 1077 1951 Mathematico
1109 1898 1302 1951 nostro
1336 1899 1652 1951 clementer
1682 1902 2048 1952 iniunximus
2079 1899 2413 1952 huiusmodi

216 1968 711 2023 obseruationum
731 1973 1004 2022 omnium
1022 1970 1513 2036 supputationem,
1541 1970 1983 2036 earundemque
2003 1987 2122 2023 vna
2142 1986 2277 2023 cum
2296 1971 2411 2023 De-

213 2039 727 2093 monstrationibus
753 2041 806 2094 81
830 2042 1024 2094 modis
1045 2042 1395 2095 obseruandi
1420 2042 1896 2107 publicationem,
1916 2048 1976 2094 vt
1995 2042 2161 2094 labor
2182 2042 2233 2094 &
2252 2042 2412 2095 sedu-

214 2111 344 2165 litas
369 2112 562 2164 nostra
587 2114 800 2177 cuique
825 2120 1108 2178 paterent.
1139 2114 1572 2179 Proptereaque
1602 2116 1780 2166 etiam
1809 2116 2031 2166 circiter
2059 2114 2178 2166 200.
2207 2113 2412 2166 Stellas

215 2182 441 2236 calculo
466 2183 752 2246 subduxit,
780 2184 832 2236 &
858 2184 1054 2237 adhuc
1073 2184 1272 2250 plures
1293 2201 1475 2250 quam
1496 2185 1764 2237 ducentae
1784 2184 2168 2250 supputandae
2188 2185 2411 2237 restant.

215 2255 408 2308 Faciet
438 2262 639 2308 tamen
670 2255 850 2309 huius
881 2259 1148 2309 minimae
1182 2257 1234 2309 &
1265 2256 1487 2309 nullius
1518 2258 1805 2309 momenti
1836 2256 2232 2321 discrepantiae
2264 2259 2413 2308 inter

213 2326 404 2379 nostra
433 2326 486 2378 &
513 2333 617 2380 tua
644 2327 875 2380 nullam
902 2330 1285 2389 mentionem,
1315 2344 1423 2380 nec
1451 2335 1555 2380 tua
1579 2330 1642 2380 in
1667 2327 1968 2392 publicum
1993 2327 2229 2392 sparget.
2258 2327 2410 2390 Quae

213 2396 382 2450 nobis
402 2398 551 2451 alias
571 2399 1027 2460 communicasti,
1054 2415 1162 2465 pro
1189 2399 1467 2465 dignitate
1488 2399 1936 2459 commendabit,
1959 2399 2012 2451 &
2030 2398 2132 2451 tibi
2153 2414 2288 2450 cum
2307 2397 2409 2450 ho-

213 2468 460 2522 norifica
489 2473 750 2522 nominis
780 2473 1083 2523 mentione
1115 2471 1408 2524 restituere
1439 2487 1563 2523 non
1592 2472 1944 2522 intermittet.
1974 2470 2169 2534 Atque
2199 2468 2410 2521 dehinc

213 2546 374 2593 tanto
394 2541 607 2594 melius
628 2541 680 2593 &
700 2541 1033 2608 diligentius
1053 2545 1116 2595 in
1135 2542 1357 2595 nostras
1379 2542 1833 2595 obseruationes
1856 2543 2150 2605 inquirere
2177 2543 2408 2605 poteris,

167 2668 171 2670 ,
213 2611 434 2677 Resque
460 2613 620 2678 apud
646 2613 796 2666 alios
823 2629 894 2666 eo
922 2617 1091 2666 citius
1116 2613 1296 2666 fidem
1322 2613 1654 2673 merebitur,
1682 2628 1818 2664 cum
1836 2618 2078 2676 vterque
2101 2611 2259 2675 apud
2278 2611 2410 2663 suas

120 2912 186 2948 35¹

120 3267 165 3302 40

214 2682 667 2737 obseruationes
691 2692 948 2747 maneat,
976 2685 1029 2737 &
1055 2685 1201 2738 alter
1225 2688 1288 2736 in
1314 2684 1554 2737 alterius
1579 2685 1827 2749 gratiam
1852 2683 2001 2734 nihil
2026 2688 2224 2734 mutet.
2253 2681 2409 2734 Con-

211 2753 494 2807 stituimus
514 2754 607 2808 his
626 2756 902 2809 absolutis
922 2757 1115 2810 nostra
1131 2756 1516 2809 Instrumenta
1529 2758 1592 2807 in
1606 2755 1791 2807 alium
1804 2753 2048 2806 modum
2063 2754 2259 2805 denuo
2275 2769 2408 2805 con-

212 2825 345 2878 strui
365 2841 586 2879 curare.
609 2827 679 2880 Et
691 2827 789 2881 vbi
803 2831 1211 2881 inuenerimus
1231 2843 1340 2880 nos
1361 2829 1514 2879 circa
1533 2828 1582 2879 5.
1603 2826 1706 2878 illa
1725 2826 1965 2877 Minuta
1984 2825 2278 2885 aberrasse,
2299 2840 2408 2875 nos

213 2896 363 2961 ipsos
387 2897 550 2951 haud
577 2901 762 2951 inuite
789 2903 1169 2966 corrigemus;
1198 2899 1356 2951 Licet
1381 2898 1511 2950 haee
1539 2896 1867 2950 differentia
1892 2898 2037 2948 tanti
2062 2911 2185 2947 non
2204 2895 2267 2947 fit
2286 2911 2407 2947 mo-

211 2971 408 3029 menti,
423 2975 483 3021 vt
496 2985 855 3037 magnopere
870 2971 942 3024 de
958 2987 1029 3024 ea
1043 2969 1438 3023 controuerfia
1450 2974 1779 3021 moueatur.
1796 2967 1958 3031 Quin
1972 2967 2024 3019 &
2038 2967 2111 3019 ab
2125 2966 2408 3019 Obserua-

211 3041 440 3092 tionum
459 3044 659 3106 peritis
679 3058 803 3094 non
816 3045 1017 3108 magni
1031 3041 1422 3094 aestimabitur.
1445 3040 1596 3092 Haec
1611 3042 1725 3091 tuis
1739 3038 2086 3104 respondere
2101 3054 2223 3089 non
2237 3040 2407 3089 inter-

211 3112 560 3165 mittendum
589 3113 884 3174 duximus,
914 3114 955 3165 fi
985 3129 1120 3178 quae
1149 3113 1322 3178 plura
1350 3114 1413 3163 in
1441 3113 1512 3177 ijs
1541 3110 1856 3176 supersunt,
1889 3109 1965 3162 ad
1994 3124 2065 3161 ea
2093 3108 2281 3160 noster
2308 3108 2409 3160 tibi

212 3181 576 3247 respondebit
586 3184 1065 3238 Mathematicus
1082 3184 1322 3248 Nosque
1338 3198 1474 3248 erga
1486 3189 1541 3234 te
1556 3181 1828 3234 clementi
1840 3180 2256 3233 beneuolentia
2268 3179 2408 3231 sem-

211 3268 314 3316 per
333 3253 531 3307 sumus
553 3255 759 3309 affecti.
782 3256 1009 3308 Datum
1028 3258 1092 3308 in
1113 3255 1369 3308 Ciuitate
1391 3254 1443 3306 &
1462 3254 1616 3305 Arce
1636 3252 1828 3304 nostra
1849 3251 2054 3311 CalTeL
2077 3251 2169 3303 die
2190 3251 2250 3302 11.
2273 3250 2407 3314 Sep-

211 3325 464 3388 tembris,
487 3327 669 3379 Anno
689 3328 774 3380 87.
1033 3362 1468 3414 W1LHELMVS
1495 3360 1776 3412 HASSIAE
1802 3359 2335 3411 LANDTGRAVIVS.

1894 3461 2404 3516 NOBILISSIMO
