2730 4212
329 294 429 345 282
673 283 1273 339 EPISTOLARUM
1298 282 2131 335 ASTRONOMICARUM

327 425 840 480 HYPPARCHVS
879 423 929 473 &
966 421 1454 473 PTOLEMAEVS
1494 421 1607 472 suis
1645 421 2035 472 Instrumentis
2072 421 2478 472 Armillaribus

325 498 662 554 factitarunt,
678 494 768 544 sed
782 494 950 555 longe
964 493 1173 541 maiori
1188 491 1532 553 compendio
1547 498 1720 553 atque
1733 490 2081 553 praecifione.
2098 490 2305 553 Neque
2321 494 2478 542 enim

324 575 403 617 tot
430 565 651 616 circulis
678 563 944 620 constant,
973 566 1112 623 quot
1137 559 1371 610 illorum
1396 560 1779 623 requirebant,
1805 559 1899 610 sed
1924 558 2286 610 solummodo
2306 561 2353 611 4.
2375 560 2476 611 ha-

323 637 471 692 bent,
499 637 644 683 inter
664 647 808 694 quos
830 633 1002 680 etiam
1023 629 1389 679 Meridianus
1412 629 1507 679 ille
1526 631 1802 679 immotus
1821 635 2177 688 numeratur,
2199 629 2250 679 &
2268 628 2476 680 nihilo-

322 708 514 754 minus
534 709 651 753 tam
671 700 1081 763 Longitudines
1102 714 1279 761 quam
1299 698 1654 749 Latitudines
1675 698 1985 749 Stellarum
2005 706 2336 762 extempore
2359 699 2476 750 abs·
2526 717 2547 751 5

323 789 433 836 que
459 772 575 822 vlla
600 771 840 821 taediosa
860 769 1296 831 Supputatione‚
1322 768 1709 818 mediantibus
1736 767 1962 818 duobus
1983 767 2476 828 ObseruatoribuS,

321 844 555 905 praecise
576 840 837 901 adeoque
859 841 919 888 in
941 837 1058 900 ipso
1074 837 1307 887 Minuto
1328 839 1626 887 rimantur.
1649 836 1845 898 Quam
1859 836 2221 888 subtilitatem
2235 853 2313 888 an
2326 844 2476 889 vete-

321 926 466 969 rum,
489 911 557 961 de
579 910 786 972 quibus
807 908 939 965 dixi,
961 906 1224 956 Armillae
1246 905 1625 965 exhibuerint,
1647 922 1768 956 non
1787 908 2075 957 immerito
2096 907 2477 958 dubitandum

320 983 495 1038 venit;
524 995 594 1029 ex
614 993 731 1041 quo
751 992 856 1027 nec
877 975 1412 1034 HYPPARCHVS‚
1440 991 1546 1026 nec
1570 978 1745 1026 etiam
1764 975 2269 1034 PTOLEMAEVS,
2295 979 2476 1028 maio-

319 1065 440 1100 rem
466 1052 526 1099 in
552 1047 858 1099 Stellarum
878 1045 1356 1109 Longitudinibus
1382 1052 1555 1108 atque
1579 1046 2002 1097 Latitudinibus
2027 1061 2129 1109 per
2155 1061 2254 1097 eas
2278 1049 2475 1109 praeci-
2529 1064 2569 1097 10

319 1119 534 1169 fionem
561 1118 900 1174 denotarint,
928 1130 1106 1178 quam
1132 1129 1264 1177 quae
1291 1117 1441 1165 intra
1465 1115 1681 1165 sextam
1702 1115 1936 1166 Gradus
1961 1122 2199 1178 partem,
2226 1116 2301 1167 ad
2327 1116 2477 1167 dena

318 1189 520 1239 scilicet
535 1187 782 1244 Minuta,
805 1185 1153 1235 cohibeatur.
1176 1184 1341 1234 Vnde
1361 1184 1663 1235 verisimile
1684 1184 1773 1243 est,
1794 1184 2029 1235 illorum
2041 1185 2334 1245 ArmillaS,
2354 1192 2477 1236 vtut

318 1258 460 1308 forte
477 1272 506 1307 e
521 1257 698 1307 solido
713 1254 955 1306 Metallo
971 1253 1303 1311 constantes,
1325 1269 1447 1304 non
1465 1260 1662 1305 tamen
1681 1255 1829 1305 adeo
1849 1270 2091 1318 magnas
2110 1254 2279 1314 fuisse,
2299 1261 2358 1306 vt
2371 1255 2475 1306 fin-

318 1327 451 1391 gula
471 1327 703 1376 Minuta
729 1331 1012 1387 caperent,
1039 1324 1155 1374 fiue
1182 1326 1356 1374 etiam
1382 1324 1539 1386 quod
1566 1339 1664 1375 eas
1683 1330 1804 1375 tam
1823 1324 2097 1375 subtiliter
2115 1324 2476 1375 subdiuidere

318 1396 683 1459 neglexerint,
713 1401 812 1445 aut
840 1396 1306 1444 numerationem
1335 1393 1482 1444 adeo
1509 1392 1786 1453 exactam,
1815 1394 2308 1457 superuacaneam
2333 1394 2473 1445 dux·
2527 1412 2568 1446 15

318 1469 477 1516 erint.
500 1465 904 1527 Quodcunque
924 1463 1137 1514 horum
1155 1463 1341 1522 fuerit,
1363 1470 1512 1514 certe
1532 1463 1660 1514 haec
1679 1466 1852 1514 nimis
1871 1463 1990 1515 lata
2009 1463 2060 1514 8(
2079 1463 2290 1527 platica
2306 1464 2474 1515 coele-

315 1535 479 1585 stium
499 1549 806 1597 corporum
826 1533 1101 1584 dimensio
1122 1548 1157 1583 a
1178 1532 1386 1583 coelesti
1406 1549 1615 1584 norma
1628 1533 1788 1584 haud
1801 1533 2190 1585 insenfibiliter
2204 1549 2304 1584 eos
2318 1534 2475 1585 deui-

316 1619 414 1655 are
439 1604 583 1663 fecit,
610 1604 782 1666 idque
808 1619 930 1654 non
955 1603 1184 1653 modico
1203 1602 1589 1654 Astronomiae
1614 1603 2000 1654 instaurandae
2021 1603 2253 1654 damno,
2281 1603 2475 1654 Habet

316 1680 510 1724 autem
525 1673 904 1732 MeridianuS,
926 1675 1025 1735 qui
1044 1679 1213 1732 totus
1233 1679 1292 1723 vt
1312 1673 1446 1732 dixi,
1468 1672 1803 1737 Cnalybeus
1820 1673 1909 1732 est,
1928 1672 1979 1723 8(
1996 1672 2249 1736 reliquas
2262 1673 2474 1724 Armil-

315 1744 400 1794 las
419 1746 569 1794 intra
587 1743 641 1793 se
662 1745 928 1801 continet,
954 1749 1067 1793 tres
1088 1742 1308 1793 cubitos
1327 1745 1388 1793 in
1408 1742 1733 1802 Diametro;
1761 1749 1933 1806 atque
1959 1742 2096 1793 hinc
2118 1743 2475 1806 reliquarum
2523 1759 2569 1794 20

314 1814 424 1864 sese
453 1813 644 1863 versus
673 1815 946 1863 interiora
976 1815 1490 1863 concomitantium
1517 1812 1901 1863 Armillarum
1930 1815 2309 1875 quantitatem
2337 1812 2475 1864 aesti-

314 1899 474 1934 mare
494 1883 636 1933 licet.
662 1882 990 1933 Diuifiones
1009 1888 1129 1933 tam
1148 1885 1210 1933 in
1230 1882 1546 1934 Meridiani
1566 1882 1816 1933 Armilla
1834 1882 2035 1941 ferrea,
2057 1897 2235 1946 quam
2256 1884 2476 1933 caeteris

314 1952 678 2003 interioribus
694 1951 1001 2004 Orichalco
1019 1955 1270 2003 exterius
1290 1951 1563 2011 obdudtis,
1584 1967 1686 2015 per
1704 1950 1918 2015 puncta
1935 1951 2334 2003 transuersalia
2352 1952 2474 2003 sub-

313 2023 482 2073 tiliter
502 2023 782 2073 ordinatae
801 2022 948 2079 sunt:
975 2024 1055 2073 ita
1074 2028 1132 2072 vt
1153 2021 1204 2072 8(
1223 2025 1286 2072 in
1304 2021 1396 2072 his
1415 2022 1676 2072 Armillis
1700 2022 1903 2086 finguli
1924 2022 2159 2074 Gradus
2177 2025 2239 2073 in
2257 2021 2476 2086 lingula
2545 2067 2548 2069 .

315 2108 546 2155 quoque
563 2092 854 2155 sexaginta
867 2092 1103 2143 Minuta
1115 2091 1382 2143 subdiuifi
1401 2091 1526 2151 fint;
1548 2091 1600 2142 8(
1618 2087 1999 2159 ρὶηηει-ΙΙείᾱὶει
2017 2091 2240 2143 diuersa
2262 2107 2395 2142 cum
2413 2094 2475 2142 in
2505 2101 2591 2143 252

313 2162 560 2212 Armilla
584 2162 895 2221 Zodiacali‚
924 2169 1049 2213 tum
1074 2164 1135 2212 in
1161 2161 1375 2213 circulo
1402 2162 1800 2213 Latitudinum
1825 2162 1960 2213 hinc
1986 2162 2121 2213 inde
2146 2167 2473 2220 mouentur,

314 2247 446 2295 quae
471 2247 632 2283 more
659 2232 929 2283 consueto
948 2247 1050 2295 per
1069 2232 1310 2283 rimulas
1329 2231 1639 2295 parallelas
1659 2231 1968 2283 Stellarum
1987 2231 2120 2283 fitus
2139 2231 2472 2283 scrutantur.

313 2303 470 2353 Nam
491 2302 541 2352 8(
560 2305 622 2352 in
641 2301 731 2352 his
750 2302 1027 2360 ArmilliS,
1054 2302 1200 2352 Axis
1221 2302 1457 2365 quidem
1479 2304 1740 2365 apprime
1766 2307 1912 2353 teres
1940 2301 2029 2361 est,
2055 2317 2157 2365 per
2176 2301 2346 2352 Polos
2366 2301 2474 2352 Zo-

313 2372 459 2422 diaci
488 2372 750 2435 adeoque
779 2378 964 2423 totum
990 2371 1435 2423 Instrumentum
1459 2371 1752 2432 tranfienS,
1783 2372 1856 2423 ad
1883 2374 2047 2422 cuius
2074 2371 2474 2422 circumferen-

311 2445 451 2492 tiam
471 2442 882 2505 Longitudines
903 2441 1211 2493 Stellarum
1235 2441 1545 2493 collineare
1572 2442 1755 2501 datur,
1782 2444 1946 2505 isque
1965 2444 2027 2492 in
2045 2441 2130 2492 sui
2148 2440 2472 2492 meditullio
2523 2457 2569 2492 30

314 2511 657 2575 Cylindrum
684 2514 840 2575 gerit,
869 2527 971 2575 per
1002 2527 1177 2575 quem
1205 2514 1266 2562 in
1295 2509 1444 2563 dicto
1474 2511 1687 2562 circulo
1717 2512 2076 2570 LatitudiniS‚
2106 2510 2373 2562 Siderum
2402 2511 2474 2562 ab

313 2581 584 2644 Ecliptica
603 2581 878 2632 distantiae
897 2582 1288 2633 obseruantur.
1309 2582 1502 2645 Atque
1516 2581 1588 2632 fic
1601 2581 1962 2644 superfluitas
1975 2583 2037 2632 in
2050 2580 2311 2631 Armillis
2323 2587 2474 2631 vete-

312 2666 457 2709 rum,
479 2666 611 2714 quae
627 2651 1107 2702 Obseruationem
1126 2651 1435 2702 fluxiorem
1454 2651 1714 2711 reddidit,
1736 2654 2000 2710 euitatur,
2022 2653 2336 2713 omniaque
2353 2665 2474 2701 ma-

311 2723 392 2783 gis
418 2720 692 2772 succincte
720 2721 770 2771 8(
796 2724 1003 2772 certius
1030 2722 1428 2785 expediuntur.
1459 2722 1668 2785 Neque
1696 2723 1853 2772 enim
1877 2720 2142 2771 Armillae
2168 2720 2263 2771 hae
2289 2722 2369 2771 ita
2394 2720 2473 2771 di-

311 2789 480 2840 strahi
506 2792 739 2853 possunt,
766 2798 866 2842 aut
886 2798 1046 2842 extra
1066 2791 1322 2843 debitum
1343 2791 1587 2854 planum
1606 2791 1708 2842 suo
1728 2791 1983 2854 pondere
2004 2791 2282 2854 diuagari,
2308 2792 2387 2840 vti
2413 2792 2474 2840 in
2522 2806 2566 2840 3⁵

312 2863 562 2922 antiquis
582 2861 693 2911 illis
714 2861 981 2920 accidisse‚
1002 2861 1162 2912 haud
1183 2864 1323 2912 citra
1340 2861 1511 2912 iustas
1526 2861 1724 2912 causas
1738 2861 2138 2924 suspicandum
2151 2862 2323 2911 venit.
2344 2859 2473 2910 Ful-

312 2944 472 2979 crum
498 2945 636 2980 vero
662 2930 759 2981 seu
778 2931 1063 2982 Pedestale
1091 2931 1193 2994 (vti
1213 2930 1446 2994 vocant)
1474 2931 1547 2982 est
1574 2946 1645 2982 ex
1670 2933 1890 2994 integro
1917 2930 1969 2980 8(
1992 2929 2173 2981 solido
2197 2929 2349 2980 ferro
2375 2928 2473 2980 ad-

312 2999 551 3049 modum
566 2999 730 3050 firme
746 3000 1137 3063 compofitum‚
1159 3001 1209 3051 8(
1229 3001 1470 3052 inferius
1484 3000 1657 3052 habet
1672 3000 1951 3052 circulum
1965 2999 2217 3051 ferreum
2231 2997 2472 3050 denfius·

313 3068 524 3127 culum,
551 3072 644 3119 cui
663 3070 710 3119 4.
733 3069 985 3120 cochleae
1007 3070 1294 3133 adaptatae
1314 3070 1456 3130 sunt,
1485 3086 1618 3134 quae
1639 3076 1889 3134 quatuor
1911 3072 2086 3121 etiam
2109 3068 2473 3120 breuioribus

312 3138 596 3188 columnis
616 3138 856 3202 lapideis
876 3139 1134 3202 superius
1154 3140 1451 3191 laminulis
1470 3140 1670 3191 ferreis
1683 3142 1920 3191 munitis
1934 3139 2201 3198 insistunt,
2223 3153 2472 3201 quarum
2521 3153 2566 3187 40

311 3207 680 3258 cochlearum
710 3211 887 3271 opera
914 3215 1099 3260 totum
1127 3209 1238 3260 hoc
1265 3210 1710 3261 Instrumentum
1737 3213 1799 3260 in
1828 3210 2082 3260 debitum
2108 3208 2274 3259 fitum
2299 3214 2473 3270 atque

311 3293 443 3327 cum
464 3278 688 3328 circulis
710 3278 1026 3329 coelestibus
1047 3279 1383 3342 exquisitam
1410 3279 1972 3343 correspondentiam
1998 3279 2270 3342 dirigitur.
2299 3277 2473 3339 Quod

2339 3360 2471 3396 cum
