2748 4204
379 311 481 361 220
725 301 1319 357 EPISTOLARUM
1345 299 2179 353 ASTRONOMICARUM

379 446 707 497 Argumento‚
731 442 763 482 si
783 440 848 490 id,
872 438 1010 491 quod
1024 438 1088 479 de
1103 437 1223 479 casu
1237 437 1433 489 plumbi
1449 436 1686 486 diximus,
1708 437 2046 479 leuiusculum
2062 436 2203 491 (cum
2215 438 2395 478 tamen
2409 435 2527 478 satis

378 502 609 544 ualidum
630 499 703 553 fit)
721 498 937 546 uidetur,
964 494 1081 536 satis
1101 494 1353 536 ostensum
1375 494 1621 544 existimo,
1642 494 1817 536 Terrae
1836 495 2034 536 nullum
2053 493 2323 547 proprium
2343 493 2409 536 ab
2430 493 2527 536 Oc-

379 559 497 601 casu
517 558 568 599 in
587 557 772 598 Ortum
791 554 940 596 inesse
960 555 1182 594 motum:
1211 552 1391 594 Donec
1411 552 1469 602 is,
1496 553 1579 594 uel
1602 552 1852 604 quispiam
1873 552 2003 594 alius
2022 549 2220 593 inuicstis
2241 550 2527 594 rationibus

378 616 567 668 liquido
589 612 874 661 ostenderit,
897 612 982 663 qui
1001 609 1112 651 fieri
1132 608 1291 662 possit,
1312 612 1369 651 ut
1389 609 1540 662 supra
1559 610 1777 651 modum
1796 609 2051 652 uiolentus
2070 608 2169 659 ille,
2197 608 2262 651 de
2282 619 2385 662 quo
2405 609 2525 659 dixi,

377 678 563 721 motus,
585 674 616 713 a
637 670 838 712 duobus
857 669 972 718 istis,
995 678 1125 720 quos
1145 666 1227 709 ille
1242 666 1457 717 assumit,
1478 666 1814 718 naturalibus,
1836 667 2048 710 omnino
2063 666 2186 708 nihil
2199 666 2525 720 impediatur,

376 731 456 772 uel
478 729 632 771 etiam
653 728 749 770 hos
769 727 909 768 nullo
928 724 1134 778 uestigio
1154 724 1471 766 interturbet.
1493 724 1643 767 Addo
1660 735 1788 767 uero
1802 725 1842 766 ἃ
1855 724 1974 776 hoc,
1997 725 2137 778 quod
2151 724 2186 767 fi
2200 724 2342 767 circa
2354 724 2527 767 Terrae

375 789 537 841 polos,
560 786 646 828 ubi
666 787 838 827 motus
858 784 1069 825 diurnus
1088 782 1141 837 (fi
1156 780 1176 839 ΙΙ
1193 781 1305 835 quis
1318 781 1454 837 esset)
1469 781 1520 823 in
1537 782 1762 835 quietem
1777 782 1969 833 desinit,
1991 782 2178 824 eadem
2190 782 2338 825 fieret
2350 782 2527 825 uersus

377 853 739 898 quamcunque
760 841 1058 884 Horizontis
1076 843 1279 893 partem
1299 851 1393 892 per
1412 840 1695 892 sclopetum
1712 841 1913 883 ratione
1928 843 2048 883 ante
2062 839 2197 883 dicta
2211 840 2528 894 experimen-

373 902 515 952 tatio‚
542 901 679 943 idem
706 899 1007 942 omnimode
1033 897 1276 947 eueniret,
1306 908 1368 939 ac
1395 898 1430 938 fi
1455 897 1507 939 in
1532 897 1706 940 medio
1731 898 1863 941 inter
1887 901 2166 952 utrumque
2190 899 2370 951 polum
2389 898 2528 951 apud

375 961 735 1013 AEquatorem,
770 957 857 999 ubi
887 956 1048 999 motio
1081 955 1515 998 circumferentiae
1538 955 1711 998 Terrae
1744 956 2134 1000 concitatissima
2164 956 2261 999 esse
2292 956 2524 999 deberet:

374 1018 458 1059 Vti
477 1017 632 1059 etiam
651 1016 703 1057 in
723 1014 907 1068 quouis
923 1013 1222 1063 Horizonte‚
1245 1013 1279 1054 s1
1299 1013 1476 1055 uersus
1496 1016 1671 1056 ortum
1690 1013 1730 1055 ἃ
1751 1014 1996 1057 occasum
2010 1014 2158 1068 parili
2172 1014 2372 1057 ratione
2386 1013 2529 1056 emit·

373 1079 511 1118 tatur
541 1074 737 1128 globus,
770 1073 909 1115 idem
940 1071 1149 1114 conficit
1179 1070 1336 1125 spatij‚
1372 1071 1512 1124 quod
1539 1071 1716 1114 uersus
1746 1072 2018 1115 Meridiem
2047 1073 2087 1114 ἃ
2116 1071 2527 1126 Septentrionem

375 1133 517 1175 simili
537 1132 838 1185 impulsione
858 1130 1074 1180 emissus‚
1102 1140 1223 1171 cum
1242 1131 1421 1171 tamen
1439 1129 1629 1180 Terrae,
1650 1130 1685 1171 si
1706 1130 1819 1183 quis
1838 1130 2012 1174 inesset
2031 1131 2244 1174 diurnus
2268 1133 2458 1180 motus,
2485 1129 2528 1172 is

374 1191 616 1234 occasum
646 1193 920 1241 ortumque
948 1187 1240 1241 respiceret:
1276 1187 1546 1229 Meridiem
1575 1198 1703 1230 uero
1732 1188 1772 1230 ἃ
1801 1188 2213 1242 Septentrionem
2246 1199 2350 1231 non
2380 1187 2526 1231 item:

374 1249 501 1291 Cum
526 1248 674 1302 igitur
698 1248 813 1289 haec
839 1245 1165 1288 uniformiter
1189 1244 1379 1298 ubique
1406 1245 1661 1297 eueniant,
1689 1246 1916 1300 quiescat
1940 1247 2099 1290 etiam
2124 1246 2315 1300 ubique
2337 1245 2528 1289 unifor-

372 1307 524 1349 miter
541 1307 712 1356 Terra,
734 1304 990 1347 necessum
1010 1303 1094 1346 est.
1117 1303 1270 1353 Quod
1288 1314 1415 1346 uero
1437 1303 1650 1356 quidam
1670 1304 1942 1347 exstimant
1959 1306 2122 1348 telum
2142 1316 2171 1348 e
2189 1304 2312 1347 naui
2332 1304 2526 1347 sursum

372 1363 605 1414 eiectum,
634 1364 667 1405 fi
687 1363 821 1405 intra
840 1362 988 1404 nauis
1007 1362 1170 1403 latera
1190 1361 1242 1403 id
1260 1361 1423 1412 fieret,
1451 1361 1691 1404 casurum
1710 1363 1762 1405 in
1782 1363 2007 1406 eundem
2025 1364 2203 1407 locum
2224 1365 2368 1406 mota
2387 1361 2524 1413 naui,

372 1434 529 1476 quam
549 1421 856 1475 pertingeret
874 1419 974 1463 hac
990 1419 1300 1473 quiescente;
1322 1418 1696 1463 inconsiderate
1711 1420 1827 1464 haec
1842 1421 2125 1474 proferunt,
2144 1432 2268 1464 cum
2280 1431 2364 1463 res
2377 1421 2526 1474 longe

371 1480 517 1522 aliter
543 1480 590 1521 se
616 1478 829 1521 habeat:
862 1478 989 1529 1m0,
1020 1489 1124 1530 quo
1149 1476 1383 1520 uelocior
1407 1477 1502 1519 erit
1526 1478 1677 1521 nauis
1701 1479 1980 1532 promotio,
2011 1491 2074 1522 eo
2100 1480 2215 1533 plus
2238 1478 2527 1522 inuenietur

371 1537 690 1580 discriminis:
718 1536 909 1579 Pariter
928 1536 969 1578 δι
988 1535 1039 1577 in
1059 1535 1276 1578 circuitu
1295 1535 1483 1586 Terrae,
1512 1537 1687 1589 quoad
1706 1537 1870 1591 magis
1888 1538 1972 1580 uel
1992 1537 2162 1580 minus
2181 1537 2299 1580 haec
2319 1535 2526 1579 euenire

369 1599 586 1649 oportet.
612 1595 753 1637 Licet
773 1594 910 1636 enim
931 1594 1107 1636 omnia
1121 1594 1300 1647 grauia
1312 1594 1543 1645 Terram,
1566 1595 1804 1649 adeoque
1817 1595 1926 1638 eius
1940 1596 2200 1646 Centrum,
2222 1596 2258 1637 fi
2278 1594 2525 1649 attingere

367 1653 576 1708 possent,
598 1655 789 1706 petant,
810 1652 862 1694 id
882 1653 1092 1705 quidem
1110 1650 1342 1705 respectu
1356 1652 1584 1695 eiusdem
1598 1653 1769 1695 Centri
1786 1654 2171 1708 intelligendum
2191 1653 2275 1705 est,
2298 1653 2366 1695 ad
2386 1653 2526 1706 quod

369 1723 551 1755 omnes
577 1711 685 1753 eius
710 1713 883 1764 partes
908 1713 1140 1764 uergunt,
1171 1710 1211 1751 81
1240 1710 1324 1752 cui
1348 1710 1622 1754 innitentes
1650 1712 2033 1766 conquiescunt.
2064 1712 2131 1754 At
2157 1713 2303 1755 mota
2330 1711 2526 1754 interea

368 1769 783 1812 circumferentia
803 1769 991 1819 Terrae,
1020 1779 1125 1811 non
1145 1769 1366 1811 eandem
1385 1768 1438 1810 in
1458 1769 1726 1823 superficie
1744 1773 1948 1824 partem
1969 1770 2195 1824 attinget,
2222 1769 2274 1812 id
2298 1769 2438 1823 quod
2458 1769 2524 1812 ab

368 1830 429 1870 ea
457 1829 558 1870 alte
584 1827 814 1870 emissum
841 1826 925 1878 est,
954 1838 1114 1880 quam
1140 1830 1337 1880 peteret
1363 1827 1463 1870 hac
1485 1827 1789 1880 quiescente.
1817 1829 1985 1882 Atque
2005 1829 2122 1871 haec
2143 1839 2208 1871 ex
2227 1827 2333 1881 ipsa
2351 1827 2524 1878 Terra,

368 1887 432 1928 de
459 1886 631 1928 Terrae
661 1885 830 1938 quiete
860 1885 977 1927 satis
1004 1885 1232 1928 indicata
1260 1897 1398 1928 nunc
1429 1885 1704 1938 sufficiant3
1738 1886 1951 1930 Oceano
1982 1897 2189 1940 quoque
2217 1885 2524 1929 circumfluo

368 1947 515 1987 motu
529 1944 617 1986 suo
634 1943 881 1994 Naturali,
903 1943 1193 1996 eodemque
1212 1943 1264 1985 in
1285 1944 1333 1986 se
1352 1943 1459 1997 ipso
1479 1944 1643 1995 uario,
1666 1945 1976 1996 ostendente,
1997 1956 2103 1988 non
2123 1943 2367 1988 conuolui
2385 1954 2526 1986 com-

367 2003 537 2045 munis
563 2002 713 2044 Globi
740 2001 1235 2052 circumferentiam;
1263 2001 1337 2044 uti
1362 2002 1678 2056 experientia
1703 2014 1888 2046 eorum
1911 2003 2138 2054 testatur,
2165 2002 2253 2056 qui
2278 2013 2526 2056 magnam

367 2060 563 2103 Oceani
581 2063 783 2113 partem
804 2059 1332 2113 circumnauigarunt3
1362 2071 1465 2114 qua
1485 2061 1549 2103 de
1567 2071 1625 2103 re
1645 2061 1774 2104 alias
1799 2061 2015 2115 plenius,
2042 2060 2521 2115 particulariusque.

367 2118 541 2161 Motus
559 2118 733 2172 itaque
751 2118 924 2161 Terrae
944 2118 1173 2169 diurnus,
1201 2118 1342 2172 quod
1360 2117 1402 2161 is
1422 2130 1607 2162 reuera
1629 2130 1735 2162 non
1760 2119 1953 2170 existat,
1982 2120 2048 2162 fic
2075 2130 2229 2173 aequo
2254 2117 2456 2173 ingenio
2482 2118 2523 2165 ἃ

365 2176 554 2219 iudicio
580 2176 809 2230 praeditis
835 2176 1088 2219 ostensum
1111 2177 1182 2219 fit.
1211 2176 1409 2227 Quibus
1428 2177 1544 2220 haec
1565 2188 1671 2220 non
1692 2177 2023 2229 satisfaciunt,
2050 2177 2139 2220 uix
2157 2178 2307 2231 plura
2325 2177 2377 2219 id
2395 2187 2525 2230 prae-

366 2234 588 2277 stiterint.
619 2234 869 2277 Adferam
894 2238 1073 2277 tamen
1100 2234 1522 2278 conuenientiore
1547 2235 1588 2278 81
1611 2238 1849 2289 tempore
1875 2236 1915 2278 ἃ
1940 2237 2060 2279 loco
2089 2235 2217 2278 alias
2246 2234 2418 2278 adhuc
2447 2245 2526 2277 ra-

363 2293 528 2335 tiones
541 2293 677 2335 hanc
694 2293 1087 2346 assumptionem
1100 2293 1439 2336 infirmantes.
1458 2293 1672 2337 Sublato
1688 2297 1866 2337 autem
1879 2297 2027 2337 motu
2041 2293 2242 2344 diurno,
2257 2292 2524 2336 Secundus

364 2351 461 2402 ille,
483 2352 523 2393 8ι
544 2362 745 2394 annuus
759 2353 790 2394 a
806 2351 1165 2394 COPERNICO
1178 2351 1352 2394 Terrae
1368 2351 1642 2395 attributus
1659 2363 1752 2406 per
1766 2353 1814 2395 se
1829 2352 2039 2403 corruit,
2061 2352 2101 2394 ἃ
2120 2351 2308 2394 inutilis
2327 2350 2521 2394 euadit:

367 2409 501 2460 Quin
529 2409 687 2451 etiam
715 2420 838 2452 cum
865 2409 953 2452 illo
979 2409 1176 2452 Tertius
1201 2409 1305 2463 ipse
1332 2421 1427 2463 per
1454 2410 1566 2453 axis
1591 2409 1643 2454 in
1671 2410 1961 2454 contrarias
1985 2413 2160 2464 partes
2183 2409 2522 2460 nutationem‚

366 2467 690 2521 eandemque
722 2467 940 2511 circellis
971 2467 1247 2523 libratorijs
1277 2467 1605 2523 indigentem.
1644 2469 1741 2512 Etsi
1772 2470 1900 2512 uero
1936 2469 2224 2512 admodum
2261 2466 2525 2522 plausibile

366 2526 617 2576 uideatur,
644 2525 696 2567 in
722 2526 909 2569 minori
928 2526 1102 2569 Terrae
1128 2526 1328 2569 ambitu
1355 2526 1542 2570 minori
1566 2526 1724 2571 etiam
1745 2526 1949 2581 negotio
1969 2524 2338 2581 rapidissimam
2363 2525 2522 2577 illam,

367 2584 406 2625 ἃ
426 2595 556 2637 pene
578 2584 934 2627 incredibilem
959 2584 1240 2627 caelestium
1265 2595 1569 2638 corporum;
1597 2585 1883 2639 praesertim
1908 2596 2036 2629 uero
2063 2584 2343 2628 affixarum
2369 2583 2527 2632 stella-

366 2654 482 2684 rum
510 2642 574 2684 ab
602 2645 719 2685 ortu
742 2642 794 2684 in
820 2643 1065 2685 occasum
1090 2642 1336 2686 motionis
1360 2643 1720 2697 pernicitatem
1746 2643 1948 2694 saluari,
1978 2642 2226 2697 siquidem
2253 2644 2393 2685 terra
2420 2652 2527 2684 non

366 2711 496 2753 opus
515 2700 723 2751 habeat,
745 2701 811 2743 fic
831 2700 966 2743 intra
985 2713 1148 2743 unum
1167 2701 1418 2755 temporis
1436 2701 1710 2752 minutum,
1733 2702 1874 2756 quod
1893 2701 2098 2745 circiter
2110 2703 2321 2744 centum
2337 2699 2524 2754 pausas

366 2758 609 2809 continet,
634 2759 770 2801 ultra
799 2758 953 2802 18750.
981 2759 1149 2812 passus
1174 2759 1418 2814 majores,
1446 2760 1531 2803 seu
1552 2759 1617 2807 ΒΞ.
1640 2760 1881 2803 milliaria
1901 2759 2216 2802 Germanica
2241 2758 2522 2802 conficere:

366 2817 494 2858 Cum
520 2815 722 2868 octaua,
749 2817 822 2859 uti
846 2820 1042 2860 uocant
1067 2817 1269 2871 sphaera
1297 2817 1765 2874 (praesupponendo
1791 2829 1911 2861 eam
1937 2829 1969 2860 a
1993 2817 2162 2860 Terris
2185 2817 2330 2860 iuxta
2355 2815 2525 2860 nostra

365 2874 571 2928 placita,
601 2875 859 2918 remoueri
890 2875 1287 2929 quatuordecim
1315 2876 1541 2919 millibus
1567 2876 2085 2919 semidiametrorum
2109 2874 2302 2931 Terrae)
2328 2874 2525 2918 interea

366 2932 605 2974 milliaria
626 2933 939 2976 Germanica
963 2934 1122 2976 52560.
1150 2934 1404 2987 proxime,
1433 2935 1519 2977 seu
1542 2935 1711 2988 passus
1729 2934 2005 2978 262775000.
2028 2934 2295 2977 absoluere
2320 2932 2523 2982 debeat,

367 2990 663 3033 assumendo
689 3002 784 3044 pro
811 2992 1040 3045 quolibet
1064 2992 1270 3034 milliari
1296 2992 1452 3046 quina
1478 2992 1638 3035 millia
1657 2993 1907 3047 passuum,
1928 2993 1969 3036 ἃ
1986 2995 2142 3035 terrae
2161 2990 2526 3035 circumferen-

365 3048 492 3090 tiam
517 3048 646 3091 5400.
675 3049 971 3092 milliarium
990 3050 1431 3094 Teuthonicorum
1458 3051 1751 3105 uulgarium
1780 3050 2244 3105 praerupponendo.
2275 3049 2526 3093 Indecens

365 3117 493 3148 uero
514 3106 754 3149 aestimari
775 3111 944 3160 queat,
972 3108 1023 3150 id
1045 3119 1138 3161 per
1156 3109 1321 3162 plura,
1350 3109 1389 3151 δι
1414 3109 1620 3164 majora
1638 3109 1766 3160 fieri,
1794 3109 1935 3163 quod
1959 3120 2053 3162 per
2077 3107 2342 3162 pauciora,
2369 3107 2409 3149 ἃ
2436 3106 2527 3150 mi-

367 3164 481 3207 nori
506 3164 711 3218 negotio
736 3165 943 3218 pariter,
970 3166 1010 3208 81
1037 3166 1366 3209 commodius
1390 3167 1623 3221 praestari
1647 3167 1821 3221 posset.
1847 3167 1914 3210 At
1938 3167 2023 3210 hic
2046 3167 2214 3209 elucet
2237 3165 2525 3219 incompre-

265 3263 279 3275 ,
365 3221 622 3264 henfibilis
642 3223 751 3264 DEI
773 3223 972 3276 opificis
992 3223 1424 3277 inperserutabilis
1444 3225 1720 3279 Sapientia,
1742 3225 1782 3267 81
1801 3225 2039 3276 Potestas,
2061 3225 2148 3279 qui
2166 3223 2283 3267 caeli
2301 3221 2526 3277 corpori-

367 3280 463 3323 bus
492 3283 602 3322 tam
634 3280 802 3331 uastis,
836 3281 979 3324 omni
1010 3282 1319 3336 cogitatione
1350 3283 1656 3328 celeriorem
1687 3286 1906 3335 motum,
1939 3282 2454 3393 eundemquviaeffimul,
2484 3281 2525 3323 ἃ

2153 3358 2236 3394 un
2284 3355 2522 3401 omem,

2561 785 2642 829 190

2580 967 2620 1003 10

2579 1257 2621 1292 15

2574 1838 2619 1873 25

2571 2419 2617 2454 35

2573 3000 2618 3035 45
