2730 4212
800 325 1497 379 ANNOTATIONES
1524 324 1931 378 EDITORIS
2368 326 2474 378 359

262 481 367 525 quo
387 468 518 512 uixit
537 469 717 512 locum
738 467 1085 523 agnoscenda.
1110 466 1418 509 Notandum
1439 468 1490 508 et
1512 465 1655 520 quod
1676 476 1784 509 non
1803 477 1899 520 per
1918 465 2201 518 foramina,
2223 468 2281 509 ut
2301 464 2476 509 hacte-

260 553 359 584 nus
385 539 586 583 factum
612 539 699 592 est,
728 537 924 594 specstat
951 538 1137 589 stellas,
1167 537 1253 581 sed
1279 549 1375 592 per
1400 538 1685 591 parallelas
1712 537 2099 590 subtendentes,
2125 537 2199 580 ita
2225 540 2282 580 vt
2309 549 2474 592 quum

261 624 356 667 per
374 612 620 666 vtrasque
639 611 849 653 uidetur
869 609 1175 664 aequaliter,
1198 612 1405 652 certum
1427 609 1485 651 Iit
1504 608 1672 651 uideri
1691 620 1787 663 per
1807 612 2066 652 centrum.
2090 609 2170 652 De
2185 609 2409 653 cometis
2424 612 2476 652 et

261 684 365 727 hoc
385 683 562 735 habet,
586 682 729 736 quod
749 685 801 725 et
819 684 1075 725 notauere
1097 691 1161 723 ac
1182 680 1611 735 comprobauere
1632 679 1746 735 alijS
1766 680 1818 722 in
1838 680 2139 736 regionibus
2161 681 2339 736 magni
2358 681 2474 735 uirj‚

261 766 368 798 non
393 755 570 797 lucere
597 765 690 797 eas
715 753 769 796 in
795 755 935 804 aere,
962 755 1020 795 ut
1044 751 1301 807 Aristotelj
1330 751 1516 802 visum,
1546 751 1633 795 sed
1660 751 1814 806 supra
1843 752 2074 804 Lunam;
2106 752 2239 796 moti
2266 752 2380 795 sunt
2406 753 2475 795 ad

260 826 400 869 hanc
430 824 836 880 disquisitionem
863 835 1052 867 omnes
1078 835 1144 867 ex
1173 822 1420 866 notabilis
1448 822 1584 865 illius
1615 822 1804 875 stellae,
1837 834 1975 877 quae
2003 835 2207 878 nupera
2237 827 2360 867 ante
2390 824 2476 867 ali-

261 900 389 951 quot
422 907 591 940 annos
624 896 884 951 apparuit,
925 894 1344 939 consideratione
1382 893 1627 948 diligenti,
1668 894 1735 937 de
1766 906 1872 949 qua
1905 898 1957 938 et
1988 894 2181 938 librum
2213 895 2476 951 integrum

261 968 457 1012 scribfit
480 967 680 1022 Tycho,
708 967 961 1011 excusum
989 967 1137 1010 domi
1163 966 1302 1017 suae,
1330 965 1421 1008 ubi
1446 968 1498 1008 et
1523 966 1791 1020 elegantes
1816 969 1975 1020 typos
2001 966 2178 1010 habet.
2212 966 2476 1010 Fornaces

260 1039 387 1083 item
409 1040 604 1082 multas
624 1039 786 1082 habet
806 1039 847 1081 δι
868 1050 1091 1093 magnas
1106 1036 1522 1081 distillationibus
1537 1036 1794 1080 faciendis
1808 1040 1860 1080 et
1875 1038 2296 1081 commodissime
2310 1038 2476 1093 dispo-

262 1112 397 1162 fitas,
420 1110 795 1166 hydraulicum
815 1110 1008 1165 insigne
1029 1109 1139 1152 fere
1159 1109 1212 1151 in
1232 1108 1341 1163 ipso
1363 1107 1617 1151 vestibulo
1639 1109 1848 1160 domus,
1870 1109 1922 1152 in
1941 1121 2047 1163 quo
2063 1109 2256 1153 stillans
2272 1121 2338 1152 ex
2354 1122 2478 1164 qua-

259 1186 382 1226 tuor
399 1181 688 1237 parietibus
708 1193 803 1236 per
822 1185 1106 1225 uentorum
1128 1181 1328 1223 buccas
1348 1179 1401 1223 in
1421 1179 1620 1234 peluim
1647 1178 1935 1223 subiectam
1964 1192 2105 1235 aqua
2128 1181 2357 1233 rebullit,
2385 1182 2478 1224 im-

260 1254 593 1309 positumque
618 1265 685 1297 ex
712 1265 836 1297 aere
862 1252 1093 1296 hominis
1118 1253 1458 1295 simulacrum
1477 1254 1635 1295 tenue
1656 1255 1797 1295 rotat
1816 1251 1868 1294 in
1889 1264 2096 1307 gyrum,
2125 1253 2477 1296 emicantibus

260 1337 355 1380 per
379 1337 588 1377 manus,
615 1336 710 1379 per
730 1324 1004 1376 verticem,
1032 1335 1128 1379 per
1154 1323 1258 1366 alia
1285 1323 1553 1377 quaedam
1572 1323 1842 1367 foramina
1862 1323 1915 1366 in
1937 1324 2205 1367 summum
2226 1326 2477 1379 laqueare

260 1396 441 1440 riuulis
471 1396 762 1448 subtilibus;
795 1396 1073 1451 horologia
1103 1394 1493 1439 accuratissima
1523 1394 1673 1447 Solis,
1706 1396 1906 1447 Lunae,
1939 1395 2204 1439 stellarum
2235 1397 2477 1440 omnium

258 1468 664 1511 describtionem
690 1471 742 1511 et
766 1467 978 1511 cursum
998 1466 1366 1522 exprimentia,
1393 1466 1606 1510 tabulas
1626 1467 1783 1510 valde
1803 1467 2084 1522 elegantes.
2115 1467 2477 1512 Honestissime

257 1539 328 1582 ibi
349 1539 556 1594 accepti
570 1542 623 1583 et
636 1540 725 1583 diu
740 1538 898 1582 duc‘ta
913 1538 1075 1583 etiam
1091 1538 1324 1592 sequenti
1339 1538 1423 1581 die
1441 1538 1660 1592 potatio.
1678 1538 1799 1581 Vidi
1813 1538 1883 1581 ibi
1898 1539 2032 1582 And.
2048 1539 2309 1583 Velleium
2325 1539 2478 1583 Seue-

257 1611 431 1653 rinum
458 1611 781 1654 canonicum
803 1610 1075 1665 Ripensem
1099 1610 1275 1652 uirum
1297 1608 1530 1661 doctum,
1559 1609 1647 1664 qui
1676 1610 1853 1664 aliqua
1877 1610 2088 1662 scribsit,
2117 1614 2169 1654 et
2190 1611 2260 1654 M.
2283 1612 2474 1667 Adamj

258 1682 581 1725 Chronicum
594 1682 860 1726 Danicum
872 1682 1049 1731 edidit,
1066 1684 1118 1724 et
1131 1681 1390 1736 integram
1405 1681 1888 1735 septentrionalium
1904 1693 2190 1737 regnorum
2204 1683 2477 1726 historiam

256 1753 529 1808 promittit.

329 1825 427 1868 Die
446 1825 507 1868 X.
530 1837 596 1868 ex
618 1825 848 1868 Huenna
869 1825 1120 1879 soluimus
1144 1856 1512 1868 ...........
1522 1840 1542 1865 «

330 1896 398 1939 ad
418 1909 467 1951 p.
495 1896 649 1954 145‚42]
672 1898 793 1941 Post
817 1896 1167 1940 »manifestat«
1192 1896 1312 1939 haec
1334 1896 1481 1938 addit
1500 1895 1553 1938 in
1574 1895 1812 1951 margine
1833 1896 2048 1951 epistula
2069 1910 2234 1941 manu
2255 1898 2474 1953 scripta:

260 1967 425 2019 »Quid
454 1968 489 2010 fi
519 1979 586 2011 ex
615 1968 719 2012 hac
749 1969 858 2023 ipsa
885 1968 1177 2023 Spagyrica
1208 1971 1322 2010 arte
1351 1968 1404 2010 in
1434 1967 1609 2018 rebus,
1642 1979 1775 2021 quas
1800 1968 1962 2011 Terra
1992 1968 2139 2012 fouet
2164 1973 2215 2012 et
2242 1969 2479 2013 continet

255 2039 397 2096 (quae
417 2050 525 2083 non
547 2040 713 2083 solum
734 2041 1146 2091 Elementorum,
1176 2039 1263 2082 sed
1290 2039 1504 2082 aetheris
1525 2039 1689 2082 etiam
1709 2039 1865 2093 ipsius
1886 2044 2137 2084 naturam
2159 2041 2250 2084 fibi
2269 2041 2478 2084 immix-

254 2114 368 2153 tam
398 2111 670 2168 obtinent),
699 2111 986 2155 oculariter
1009 2110 1357 2154 demonstrari
1378 2110 1542 2165 possit,
1575 2110 1898 2154 subtiliorem
1928 2115 1980 2155 et
2008 2113 2162 2167 longe
2191 2112 2478 2167 praestanti-

257 2194 424 2234 orem,
452 2181 930 2237 perfectioremque
950 2182 1306 2226 Substantiam
1328 2182 1511 2234 sortiri,
1540 2181 1593 2224 id
1615 2183 1758 2236 quod
1778 2183 1830 2225 in
1850 2183 1949 2226 illis
1969 2183 2176 2227 caeleste
2196 2183 2284 2236 est,
2312 2197 2475 2238 quam

257 2254 400 2308 quod
422 2255 768 2306 Elementare,
797 2255 901 2297 fiue
922 2254 1026 2298 hoc
1048 2256 1284 2305 aereum,
1314 2254 1419 2296 siue
1443 2265 1693 2308 aqueum,
1721 2257 1956 2297 terreum
1976 2256 2061 2298 vel
2081 2255 2243 2298 etiam
2264 2256 2475 2311 igneum

257 2325 428 2378 fuerit,
459 2328 512 2368 et
541 2329 954 2380 quantacunque
984 2324 1379 2380 separationum
1408 2324 1657 2368 industria
1684 2328 1736 2368 et
1761 2326 2160 2370 continuatione
2186 2327 2473 2371 desecetur.

256 2396 408 2440 Vnde
433 2408 542 2440 non
569 2397 791 2440 obscure
818 2396 1125 2440 ratiocinari
1153 2396 1374 2450 satisque
1401 2399 1550 2439 certo
1577 2398 1899 2441 concludere
1925 2398 2062 2451 licet,
2093 2398 2147 2441 in
2171 2401 2285 2442 toto
2312 2400 2475 2442 etiam

262 2468 634 2512 Macrocosmo
656 2468 950 2511 aetheream
971 2468 1083 2512 eius
1103 2470 1312 2523 partem
1332 2469 1486 2523 longe
1506 2466 1806 2522 perfectiori
1827 2472 1879 2511 et
1898 2470 2258 2514 excellentiori
2284 2474 2477 2514 natura

261 2539 516 2592 constare,
540 2552 704 2594 quam
725 2540 869 2593 quod
888 2539 977 2582 vlli
997 2541 1412 2591 Elementorum,
1435 2540 1679 2593 adeoque
1699 2539 1790 2594 ipfi
1812 2540 1922 2583 aeri
1941 2540 2133 2584 merito
2154 2542 2477 2596 aequiparari

261 2613 435 2664 queat.
460 2611 611 2654 Anne
632 2611 699 2654 fic
720 2611 823 2654 tuis
844 2610 1390 2666 argumentationibus
1410 2611 1478 2653 de
1499 2612 1658 2653 aerea
1679 2610 1801 2654 coeli
1820 2611 2062 2664 materia,
2084 2614 2168 2655 vel
2190 2624 2256 2656 ex
2276 2613 2386 2668 ipsa
2406 2614 2477 2656 in-

261 2682 440 2725 feriori
460 2685 511 2725 et
529 2682 757 2725 terrestri
778 2682 1102 2726 astronomia
1123 2680 1442 2725 satisfactum
1462 2681 1781 2726 videbitur?«

332 2753 402 2796 ad
421 2765 471 2808 p.
498 2752 652 2810 146,11]
680 2753 949 2796 Hermetis
977 2750 1304 2807 Ποιμάνδρης
1329 2752 1454 2795 sive
1481 2753 1551 2796 de
1578 2753 1861 2797 Potestate
1885 2755 1942 2797 et
1964 2753 2250 2809 Sapientia
2272 2755 2475 2800 Divina

261 2824 494 2879 primum
513 2824 709 2879 prodiit
727 2825 933 2868 Parisiis
954 2837 1001 2868 a.
1028 2824 1162 2877 1554;
1185 2824 1252 2868 cf.
1275 2824 1413 2867 infra
1435 2828 1613 2869 annot.
1638 2825 1706 2868 ad
1727 2837 1775 2880 p.
1803 2825 1955 2878 194‚10.

334 2896 403 2938 ad
422 2908 472 2950 p.
499 2895 654 2953 147,2³]
681 2896 748 2939 cf.
770 2899 901 2939 tom.
925 2896 996 2938 ΙΙΙ
1016 2908 1066 2951 p.
1088 2895 1189 2948 26‚⁹
1210 2899 1262 2939 et
1280 2899 1410 2940 tom.
1435 2896 1505 2939 IV
1524 2908 1573 2950 p.
1597 2895 1722 2948 83,29.

334 2967 404 3009 ad
422 2979 471 3021 p.
500 2966 641 3024 149‚1]
682 2967 851 3023 Hujus
875 2967 1115 3022 epistulae
1135 2968 1441 3022 exemplum
1460 2968 1869 3023 transscriptum
1890 2968 2132 3012 Cassellis
2153 2973 2474 3014 asservatur.

335 3039 403 3081 ad
424 3050 472 3093 p.
500 3038 598 3090 151,
611 3038 641 3095 ι]
679 3038 897 3093 Philippi
918 3038 1348 3082 Melanchthonis
1367 3038 1527 3082 Instia
1549 3037 1811 3082 doctrinae
1826 3039 2087 3094 physicae
2107 3041 2340 3096 primum
2360 3053 2479 3096 pro-

263 3109 471 3152 dierunt
491 3109 710 3152 Basileae
732 3122 779 3153 a.
806 3109 934 3153 1549.

335 3181 404 3223 ad
424 3193 473 3235 p.
500 3180 653 3237 152,ιο]
680 3181 870 3224 Plinius
895 3180 1020 3223 Nat.
1043 3180 1184 3224 Hist.
1211 3181 1257 3223 11
1284 3182 1366 3232 5,1o
1393 3184 1444 3224 et
1470 3181 1516 3224 II
1542 3181 1673 3234 38‚102
1699 3182 1766 3225 de
1792 3182 1976 3237 spiritu
2002 3184 2235 3238 loquitur
2258 3184 2345 3227 ille
2371 3184 2479 3239 qui-

264 3252 404 3304 dem,
431 3263 530 3295 nec
555 3254 739 3295 tamen
760 3252 826 3295 de
846 3252 1082 3295 aethereo
1106 3252 1306 3307 spiritu,
1335 3264 1441 3307 quo
1461 3254 1628 3297 verbo
1649 3266 1945 3308 numquam
1967 3267 2094 3299 usus
2114 3267 2231 3299 esse
2252 3256 2475 3299 videtur.

335 3323 404 3365 ad
424 3335 473 3378 p.
501 3322 655 3380 l55,³9]
682 3323 762 3366 De
781 3323 886 3367 hoc
908 3326 1122 3366 cometa
1141 3323 1245 3366 vid.
1269 3323 1424 3379 hujus
1443 3324 1577 3368 tomi
1597 3336 1646 3379 p.
1674 3325 1771 3368 173.
2312 3323 2315 3324 ⁷

336 3394 404 3436 ad
425 3406 474 3448 p.
501 3393 642 3451 156‚⁷]
681 3394 949 3438 Alrucaba
970 3397 1049 3437 est
1069 3395 1230 3438 Stella
1250 3395 1446 3438 Polaris
1466 3385 1588 3452 (vid.
1613 3396 1797 3449 Ideler,
1821 3397 2189 3441 Sternnamen
2210 3410 2259 3452 p.
2287 3398 2373 3455 14).
