2748 4204
117 1150 157 1184 10

1010 348 1256 403 LIBER
1284 348 1606 403 PRIMUS
2344 358 2411 410 37

210 492 406 545 dextre
436 491 795 544 absoluendo
825 494 1128 552 euitarem‚
1160 492 1341 544 aliam
1372 490 1423 542 &
1453 491 1745 544 diuersam
1775 509 1811 545 a
1839 496 2130 558 prioribus
2160 513 2410 563 eamque

209 563 698 628 expeditissimam‚
732 569 868 614 ante
898 563 1359 627 quadriennium
1388 564 1593 614 inueni
1623 563 1914 616 Sextantis
1943 566 2291 620 conficiendi
2320 586 2408 622 ra-

207 637 429 686 tionem
453 633 629 698 plane
654 632 972 698 fimplicem
999 633 1051 685 &
1077 633 1427 693 naturalem,
1456 649 1575 697 quo
1602 650 1705 698 per
1729 635 1900 687 binos
1924 640 2102 689 etiam
2124 639 2407 693 Obserua-

206 711 361 758 tores
391 707 455 756 in
486 703 953 756 circumferentia
987 705 1355 757 Instrumenti
1387 707 1560 755 motis
1593 705 1964 772 PinnacidijS,
1999 725 2134 772 quae
2166 712 2409 764 rimulas

207 775 424 829 habent
443 767 778 836 ParallelaS,
801 775 1082 828 distantiae
1098 776 1413 828 Stellarum
1434 778 1587 827 circa
1602 776 1980 842 Cylindrum'
1966 795 2028 830 m
2044 780 2263 833 Centro
2284 786 2407 847 qui-

207 846 506 907 escentem,
527 848 798 911 vtrinque
819 847 1230 911 expeditissime
1251 849 1394 899 citra
1415 861 1656 898 omnem
1678 851 1888 900 erroris
1906 849 2288 914 suspicionem
2305 855 2407 906 dis-

206 924 538 971 cernuntur.
559 916 734 970 Tales
760 925 961 970 autem
986 918 1157 971 binos
1184 917 1406 970 affabre
1435 917 1766 970 elaboratos
1794 919 1931 972 huic
1951 921 2074 973 vsui
2102 923 2408 977 destinatos

205 989 414 1050 habe0,
429 1004 684 1053 quorum
697 988 939 1053 quilibet
950 989 983 1041 4
996 989 1221 1042 cubitos
1232 989 1335 1041 sua
1350 991 1670 1053 capacitate
1685 990 1977 1055 adaequat.
1993 992 2067 1044 Vt
2080 1009 2222 1046 vero
2235 995 2407 1048 Celfi-

205 1061 321 1113 tud.
340 1059 472 1112 Tua
484 1059 664 1112 huius
678 1059 971 1112 Sextantis
986 1060 1468 1126 compositionem
1481 1059 1712 1112 facilius
1727 1062 2222 1126 compraehendat,
2244 1070 2409 1119 mitto

204 1138 324 1183 tum
357 1130 587 1196 aedificij
619 1133 682 1183 in
707 1131 1100 1184 Astronomiae
1130 1132 1423 1184 honorem
1451 1134 1735 1195 proximis
1762 1134 1955 1186 Annis
1985 1137 2046 1186 in
2075 1135 2187 1188 hac
2217 1137 2409 1190 Insula

204 1202 484 1263 Huenna,
506 1218 629 1254 non
649 1202 931 1255 mediocri
950 1202 1143 1255 sumtu
1161 1219 1196 1255 a
1213 1218 1309 1255 me
1332 1200 1590 1263 extrudti,
1612 1201 1917 1268 picturam,
1938 1212 2064 1257 tum
2080 1209 2257 1259 etiam
2272 1208 2407 1261 Sex-

202 1275 376 1326 tantis
397 1273 491 1337 (de
507 1289 626 1339 quo
641 1273 878 1338 loquor)
899 1274 1102 1339 aliquo
1117 1275 1297 1327 modo
1312 1273 1787 1339 repraesentatam
1802 1276 2275 1340 delineationem,
2292 1296 2410 1333 vna

203 1360 338 1397 cum
357 1344 749 1410 designatione
769 1345 954 1406 fulcri,
977 1348 1146 1398 cuius
1165 1345 1454 1398 beneficio
1471 1348 1534 1397 in
1553 1361 1794 1398 omnem
1809 1347 2122 1400 Stellarum
2136 1349 2319 1412 litum,
2342 1367 2409 1404 ac

127 1422 154 1464 †
201 1416 645 1468 inclinationem
659 1418 970 1469 commode
986 1417 1381 1470 conuoluitur.
1398 1417 1616 1470 Addita
1631 1417 1706 1470 est
1720 1418 1795 1470 ab
1810 1418 1995 1472 altera
2008 1427 2171 1484 parte
2185 1421 2409 1486 pictura

114 1505 154 1540 1⁵

109 1781 155 1897 80

106 2218 152 2253 25

105 2931 151 2966 35

202 1487 588 1540 Armillarum
607 1487 1118 1553 AEquatoriarum;
1141 1488 1234 1542 Sic
1255 1491 1416 1541 enim
1435 1488 1549 1540 hoc
1570 1489 2022 1542 Instrumentum
2042 1494 2163 1544 iam
2183 1493 2410 1557 pridem

203 1575 240 1612 a
258 1574 352 1611 me
374 1562 780 1624 excogitatum,
809 1575 881 1612 eo
906 1561 1066 1624 quod
1086 1560 1469 1613 Ascenfiones
1491 1559 1694 1614 Rectas
1715 1560 1767 1612 &
1788 1561 2229 1616 Declinationes
2251 1565 2408 1618 Side-

203 1646 334 1682 rum
353 1629 611 1695 respetstu
627 1630 970 1696 AEquatoris
990 1634 1281 1693 metiatur,
1303 1631 1603 1697 appellare
1623 1632 1805 1685 libuit.
1828 1632 2065 1686 Talium
2086 1642 2285 1687 autem
2299 1638 2408 1688 Ar-

201 1701 501 1754 millarum
520 1702 640 1754 duo
662 1702 904 1768 Organa
923 1710 1103 1755 tantae
1125 1706 1482 1768 quantitatiS,
1509 1710 1568 1755 vt
1594 1703 1817 1769 fingula
1842 1704 2111 1770 scrupula
2135 1707 2405 1760 discrimi-

202 1775 387 1826 natim
413 1773 744 1835 exhibeant,
773 1773 983 1827 confici
1011 1777 1233 1827 curaui.
1263 1775 1376 1828 Sed
1398 1774 1484 1827 δι’
1470 1791 1532 1826 m
1553 1774 1644 1827 his
1665 1775 1812 1840 ipfis,
1842 1792 1976 1841 quae
1998 1772 2018 1845 ΙΙ
2038 1777 2405 1832 Ptolemaicis

201 1844 466 1897 Armillis
496 1845 669 1911 longe
698 1845 828 1898 sunt
857 1846 1246 1911 expeditiores
1277 1846 1329 1898 &
1357 1848 1556 1898 minus
1589 1846 1883 1899 erroribus
1916 1847 2190 1901 obnoxiae
2226 1850 2405 1914 (velut

201 1931 310 1968 nos
336 1915 457 1981 ipsa
481 1916 679 1969 docuit
702 1920 1080 1982 experientia,
1109 1933 1245 1971 cum
1265 1918 1651 1970 Ptolemaicas
1672 1921 1850 1971 etiam
1869 1919 2150 1972 Armillas
2172 1936 2203 1972 e
2222 1921 2405 1974 solido

201 1987 450 2040 Metallo
480 1984 738 2041 eiusdem
766 2005 918 2054 pene
949 1992 1290 2054 quantitatis
1316 1992 1378 2042 in
1404 1997 1680 2055 promptu
1706 1990 2057 2055 habeamus)
2085 2000 2220 2044 ante
2245 1993 2404 2046 bien-

201 2060 368 2111 nium
393 2074 618 2112 nouam
645 2060 948 2125 quandam
969 2060 1021 2113 81
1040 2061 1228 2114 multo
1251 2061 1673 2126 expeditiorem
1698 2059 2040 2114 structuram
2061 2067 2403 2129 excogitaui,

201 2146 335 2195 quae
354 2130 556 2184 saltem
575 2131 948 2196 sesquialtero
964 2133 1203 2185 Circulo
1219 2132 1272 2184 &
1285 2133 1417 2185 Axe
1432 2132 1704 2193 rotund0,
1726 2139 1914 2185 totum
1934 2137 2235 2200 negotium
2255 2139 2405 2189 mira

199 2201 473 2255 facilitate
486 2202 538 2254 &
549 2204 892 2256 certitudine
904 2204 1168 2257 absoluit.
1183 2200 1385 2256 Huius
1399 2204 1623 2270 Organi
1634 2203 1985 2257 Machinam
2000 2208 2062 2257 in
2078 2206 2246 2259 Colle
2261 2223 2403 2272 quo-

200 2273 337 2325 dam
363 2280 527 2326 extra
549 2274 707 2327 aedes
727 2275 898 2328 hasce
918 2275 1159 2328 Vraniae
1180 2276 1402 2328 dicatas
1423 2275 1804 2337 constitutam,
1827 2275 1879 2328 &
1899 2276 1974 2328 ad
1994 2276 2126 2329 vsus
2147 2294 2403 2331 commo-

199 2343 439 2397 ditatem
466 2345 741 2411 gradibus
770 2346 1159 2400 subterraneis
1188 2348 1448 2412 vndique
1478 2347 1780 2400 successiue
1809 2347 2268 2410 ascendentibus,
2299 2353 2402 2402 cir-

199 2416 551 2477 cumdatam,
578 2417 808 2471 summa
829 2434 965 2471 cum
985 2418 1285 2484 diligentia
1306 2418 1611 2480 construxi,
1640 2421 1806 2471 cuius
1828 2419 2131 2472 Diameter
2151 2421 2208 2472 10
2227 2422 2404 2486 pedes

199 2490 471 2540 continet.
501 2489 663 2541 Huic
688 2489 1013 2555 plurimum
1031 2491 1241 2551 tribuo,
1271 2506 1391 2555 quo
1412 2490 1487 2543 ad
1509 2490 1780 2543 Siderum
1800 2490 2179 2543 Ascenfiones
2200 2490 2402 2545 Rectas

200 2557 252 2610 &
265 2558 726 2622 DeclinationeS‚
748 2564 811 2614 in
831 2565 1047 2627 quouis
1067 2578 1277 2614 eorum
1297 2569 1617 2627 apparente
1637 2562 1743 2614 fitu
1763 2563 2104 2615 adamussim
2124 2563 2402 2629 indagan-

199 2629 320 2691 das,
347 2633 515 2683 cuius
541 2634 718 2685 etiam
745 2633 1108 2686 adminiculo
1134 2633 1520 2699 vtplurimum
1544 2633 1812 2686 Cometae
1839 2637 2227 2699 apparentias‚
2256 2651 2403 2699 quas

198 2700 262 2753 T.
279 2701 550 2755 Celfitud.
565 2706 749 2765 mitto,
766 2705 1169 2771 peruestigaui.
1192 2706 1334 2757 Non
1355 2712 1555 2757 autem
1576 2704 1809 2757 difficile
1825 2706 1927 2757 esse
1943 2721 2014 2757 ex
2030 2706 2178 2757 datis
2191 2706 2402 2758 Ascen-

197 2771 453 2826 fionibus
479 2772 666 2827 Rectis
694 2775 746 2827 &
773 2776 1284 2829 Declinationibus
1311 2775 1569 2842 respectu
1594 2776 1950 2840 AEquatoris‚
1979 2792 2079 2828 eas
2105 2779 2167 2828 in
2194 2778 2401 2843 Longi-

197 2844 429 2897 tudines
451 2844 503 2897 81
523 2846 902 2908 LatitudineS,
926 2856 1217 2913 quantum
1237 2848 1312 2901 ad
1333 2848 1690 2912 Eclipticam‚
1712 2847 1970 2912 redigere
1985 2847 2049 2899 T.
2067 2847 2255 2901 Celfit.
2270 2848 2402 2901 satis

197 2914 557 2981 perspectum
585 2917 777 2979 habet,
804 2919 923 2972 liue
949 2921 1009 2973 id
1035 2919 1138 2972 fiat
1163 2935 1268 2984 per
1286 2919 1746 2984 Triangulorum
1766 2918 2203 2983 Sphaericorum
2228 2923 2401 2972 ratio·

197 3002 318 3048 neS,
345 2994 447 3040 aut
466 2989 827 3053 peculiarem
847 2991 1113 3056 aliquam
1132 2990 1426 3043 Tabulam
1447 3006 1519 3043 ex
1539 2990 1631 3042 his
1652 2990 1981 3043 deriuatam
2009 2990 2270 3055 (qualem
2292 3007 2401 3043 nos

197 3058 272 3110 ad
306 3058 560 3124 singulos
590 3060 957 3115 Ascenfionis
991 3061 1181 3115 Rediae
1214 3062 1444 3127 graduS‚
1480 3061 1531 3113 &
1564 3061 1992 3113 Declinationis
2024 3064 2295 3126 vtrinque
2327 3063 2400 3115 ab

196 3128 521 3195 AEquatore
541 3131 611 3184 32
630 3133 788 3198 grad.
809 3133 1138 3199 scrupulose
1158 3133 1531 3198 supputatam
1551 3132 1689 3184 huic
1710 3135 1944 3198 negotio
1960 3133 2400 3197 destinauimus)

196 3199 315 3253 fiue
335 3204 513 3254 etiam
533 3203 886 3257 Mechanice
910 3221 1013 3270 per
1035 3205 1300 3258 Globum
1325 3220 1626 3270 magnum,
1655 3204 1894 3269 qualem
1922 3207 2099 3256 etiam
2124 3205 2157 3256 6
2183 3205 2401 3269 pedum

196 3273 259 3323 in
278 3272 586 3326 Diametro
606 3276 866 3341 vndique
889 3276 1205 3330 Orichalco
1226 3277 1502 3341 aptissime
1527 3273 1845 3328 obductum
1867 3275 1918 3327 &
1939 3278 2103 3327 omni
2127 3275 2212 3327 sui
2238 3283 2400 3340 parte

196 3344 675 3407 rotundissimum,
690 3354 965 3412 paratum
979 3347 1190 3401 habeo.
1207 3347 1320 3399 Sed
1332 3349 1508 3398 nimis
1519 3347 1762 3411 longum
1774 3346 1920 3398 foret
1931 3347 2045 3398 hoc
2056 3347 2187 3398 loco
2200 3350 2401 3399 omnia

195 3429 330 3468 mea
368 3415 753 3470 Instrumenta
784 3418 1191 3471 Astronomica
1231 3418 1675 3482 eorundemque
1707 3417 1872 3469 vsum
1912 3432 2398 3470 commemorare:

2264 3503 2399 3552 quae
