2730 4212
356 294 456 343 270
699 279 1300 338 EPISTOLARUM
1326 280 2160 335 ASTRONOMICARUM

564 425 718 489 Ouin
732 423 1017 489 priuatus
1037 422 1250 481 adhuc,
1271 421 1476 474 maius
1496 434 1678 487 quam
1698 421 1896 471 Roma
1909 419 2173 485 gerebat

697 491 1039 557 Imperium,
1064 493 1187 542 toto
1205 490 1406 543 maior
1419 490 1485 542 in
1509 489 1668 543 Orbe
1688 488 1818 540 fuit.

560 565 667 614 Ille
687 560 911 614 etenim
941 561 1176 620 Terras,
1196 558 1343 612 hinc
1363 560 1481 625 qua
1502 561 1665 611 calet
1679 557 1868 618 India,
1892 558 2086 610 donec

706 629 926 682 Vltima
939 630 1239 694 perpetuo
1267 630 1411 695 Tyle
1430 626 1643 693 niuosa
1656 628 1806 693 gelu
1827 624 1929 690 est:

558 703 836 764 Europae,
859 697 1086 764 Lybiae,
1108 700 1291 762 atque
1310 696 1482 762 Asiae,
1502 695 1777 760 latissima
1796 697 2032 762 Regna,
2553 715 2574 749 5

701 765 921 821 Cuncta
934 765 1046 831 sub
1066 766 1290 832 exiguo
1310 765 1594 832 disposuit
1614 765 1877 818 Calamo.

561 839 705 891 Sola
724 834 948 889 intacta
967 836 1096 896 fuit,
1119 833 1315 899 nostro
1336 850 1473 902 quae
1492 835 1741 902 cognita
1763 835 1958 896 Seclo,

696 905 1001 966 America,
1024 903 1106 969 est
1120 905 1337 957 Latias
1357 919 1495 970 quae
1513 919 1713 970 neque
1726 902 1889 969 passa
1908 919 2148 957 manus.

558 979 687 1029 Nec
707 978 1031 1028 contentus
1050 975 1264 1036 adhuc,
1287 972 1512 1039 celsum
1533 971 1845 1026 affectauit
1863 973 2203 1041 Olympum,

696 1044 902 1110 Ausus
919 1042 1249 1107 inaccessos
1269 1058 1612 1110 exuperare
1631 1045 1840 1104 Polos;
2559 1062 2600 1097 10

558 1118 638 1167 Et
660 1115 904 1175 Coelum,
928 1114 990 1166 <xc
1005 1116 1127 1165 toto
1147 1112 1450 1180 fulgentia
1472 1113 1711 1180 sydera
1735 1112 1916 1174 Coelo,

695 1183 952 1250 Ingenio
972 1182 1232 1234 obtinuit
1238 1181 1600 1249 supposuisse
1611 1181 1740 1248 suo.

558 1257 592 1305 I
604 1268 768 1305 nunc
786 1255 997 1313 Roma,
1022 1255 1160 1304 tuos
1180 1253 1254 1304 de
1273 1252 1414 1304 Nilo
1433 1254 1658 1305 extolle
1686 1251 2062 1319 Triumpho&

697 1322 815 1374 Hic
827 1320 1002 1387 satus
1021 1323 1102 1373 ad
1116 1322 1339 1382 Nilum,
1363 1325 1422 1374 te
1440 1337 1625 1389 mage
1653 1319 1855 1375 Victor
1870 1325 2019 1374 erat.

568 1395 648 1444 Tu
662 1394 906 1458 partem
935 1393 1138 1444 Terrae
1149 1389 1445 1457 superasti
1453 1390 1759 1458 sanguine
1778 1393 1984 1453 multo,
2562 1409 2602 1443 15

695 1463 760 1513 Is
780 1464 982 1522 totam,
1005 1462 1173 1512 nullo
1185 1458 1506 1528 sanguine,
1521 1459 1694 1526 solus
1711 1461 1920 1513 habet:

567 1533 648 1583 Tu
673 1531 874 1583 Coelos
892 1545 1015 1582 non
1036 1529 1183 1595 ausa
1206 1545 1474 1596 vnquam
1495 1529 1903 1596 conscendere
1910 1546 1930 1592 ,·
1947 1533 2014 1583 at
2028 1531 2133 1584 ille

699 1599 977 1652 Subdidit
992 1599 1251 1666 Ingenio
1271 1600 1512 1667 Sydera
1532 1598 1747 1653 cuncta
1758 1599 1887 1666 suo.

562 1670 850 1735 Quodque
868 1669 1074 1736 magis
1092 1669 1316 1722 mirum
1323 1685 1343 1731 ,·
1361 1673 1465 1722 tua
1483 1672 1625 1723 laus
1646 1670 1709 1723 ἅτ
1721 1669 1890 1722 fama
1900 1669 2142 1737 sepulta
2161 1669 2254 1735 est,

700 1739 851 1803 Ouae
863 1742 1120 1805 poteras
1139 1739 1298 1792 alios
1319 1739 1586 1801 vincere,
1610 1737 1767 1792 Victa
1785 1740 1983 1802 iaces;
2558 1757 2604 1791 20

557 1811 668 1862 Ille
679 1823 956 1875 perenne
975 1823 1240 1861 manens
1260 1811 1453 1862 donec
1464 1808 1579 1875 sua
1600 1809 1819 1862 Sidera
1843 1809 2075 1863 Coelum

696 1877 958 1942 Possidet,
981 1881 1282 1931 aeternum
1302 1881 1541 1932 Nomen
1560 1879 1625 1931 in
1650 1878 1809 1933 Orbe
1822 1883 2020 1947 geret.

1142 1971 1378 2024 TYCHO
1406 1973 1630 2024 BRAHE
1657 1973 1714 2024 F.

919 2043 1098 2092 Anno
1118 2042 1362 2093 Domini
1382 2043 1523 2094 1584.
1546 2043 1674 2094 Kal.
1697 2041 1895 2095 Onob.
1917 2038 1938 2110 ΙΙ

426 2243 524 2302 ΙΝ
556 2243 638 2302 D.
670 2243 1055 2302 NICOLAI
1087 2243 1582 2331 COPERNICl
1610 2243 2191 2304 TORONENSIS
2219 2244 2438 2304 EFFI-
2540 2253 2626 2296 240

577 2332 796 2392 GIEM,
825 2332 1051 2394 QVAM
1079 2332 1408 2384 IPSEMET
1434 2333 1574 2384 SVA
1601 2334 1843 2384 MANV
1867 2334 1913 2384 E
1939 2333 2288 2386 SPECULO

1017 2414 1472 2466 DEPINXISSE
1499 2414 1839 2467 DICITUR.

681 2507 953 2558 THERE
959 2506 1209 2572 sublimi
1233 2508 1482 2560 Terram
1503 2507 1836 2560 comitante
1853 2507 2058 2560 Diana

711 2576 987 2638 Currere,
1009 2591 1090 2629 ne
1108 2577 1378 2630 Phoebus
1391 2575 1699 2644 postmodo
1711 2579 1908 2643 pellat
1924 2578 2136 2644 Equos
2143 2592 2163 2638 ;

483 2645 615 2712 Ipse
626 2645 739 2712 sed
753 2646 818 2697 in
838 2646 1057 2698 Mundi
1072 2647 1288 2709 medio,
1301 2646 1577 2713 solioque
1599 2646 1919 2713 quiescens
2557 2661 2603 2696 30

623 2716 860 2783 Regali,
881 2715 1027 2768 hinc
1045 2716 1254 2769 iubeat
1272 2731 1390 2782 quo
1408 2718 1588 2769 modo
1611 2716 1910 2783 Olympus
1930 2719 2058 2769 eat:

484 2785 589 2837 Nil
608 2789 811 2838 tamen
835 2789 903 2838 vt
927 2786 1131 2838 Terris
1149 2786 1568 2839 habitantibus
1586 2786 1729 2839 inde
1748 2789 2025 2847 nouetur,

623 2856 847 2908 Annus
867 2859 971 2908 eat
981 2855 1254 2922 paribuS,
1275 2858 1549 2922 Noxque,
1571 2856 1860 2922 Diesque,
1881 2856 2060 2908 rotis:

485 2926 664 2976 Nunc
686 2940 849 2991 Vaga
870 2925 1250 2978 commodius
1271 2928 1603 2978 Voluantur
1621 2925 1841 2979 Sidera
1859 2925 1924 2977 in
1948 2924 2196 2979 Orbem:

624 2995 859 3046 Multus
877 2994 935 3046 is
956 2995 1019 3047 d’z
1033 2993 1236 3059 Vastus
1253 2995 1344 3047 nil
1360 2995 1695 3063 Epicyclus
1714 2998 1887 3062 agat:
2557 3010 2602 3044 35

489 3061 839 3127 Ouodstent,
863 3066 1023 3130 quod
1039 3066 1348 3130 repedent,
1371 3067 1680 3131 tardeque,
1703 3065 1943 3131 citoque
1962 3067 2300 3125 recurrant,

636 3133 827 3185 Vnica
846 3148 991 3185 nam
1013 3132 1247 3187 cunctis
1275 3136 1460 3188 Terra
1483 3137 1691 3188 voluta
1711 3135 1888 3187 dabit.

485 3202 659 3254 Adde
680 3204 840 3268 quod
854 3202 1181 3256 innumera
1201 3202 1412 3257 oetauo
1422 3204 1809 3271 splendentia
1833 3204 1999 3257 Coelo

627 3271 860 3333 Sidera,
884 3271 1204 3339 composito
1222 3277 1390 3326 motu
1409 3274 1689 3327 inhibere
1710 3276 1907 3341 queat.
2381 3342 2457 3392 ΠΙ

2456 3355 2506 3403 θ,
