2748 4204
1011 315 1257 367 LIBER
1284 316 1608 371 PRIMUS
2310 321 2413 372 227

102 488 181 532 197
264 454 1093 534 ILLVSTRISSIMO
1137 457 1622 532 PRINCIPI
1663 458 1814 532 AC
1859 458 2365 544 DOMINO,

283 555 619 611 DOMINO
642 553 1113 614 WILHELMo,
1142 554 1671 608 LANDGRAVIO
1699 556 2027 617 HASSIAE,
2056 556 2344 609 COMITI

445 637 531 688 IN
554 633 1369 696 CATZENELLEBOGEN,
1392 635 2180 695 DIETZ,ZIEGENHA1N

710 713 762 766 ει
782 713 1068 765 NIDDA:
1090 713 1429 766 PRINCIPI
1448 715 1559 767 AC
1580 715 1916 768 DOMINO

142 810 163 844 5
977 793 1651 914 CLEMEgI'II'DISSIMO.

339 997 367 1026 ζ
538 1004 549 1009 .,
588 982 591 984 ·
618 958 625 968 ”
684 955 1574 1015 EDDIDITmihi‚Illustrissime
1587 958 2415 1023 Princeps,aCelfit.T.aman-

240 1004 281 1115 b
331 1027 435 1096 {DQ
506 1032 595 1109 39
684 1030 854 1081 datus
888 1028 1001 1080 hoc
1034 1030 1277 1080 nomine
1306 1027 1692 1089 TabellariuS,
1726 1030 1819 1081 die
1851 1030 1936 1080 23.
1967 1029 2187 1094 Martij,
2220 1030 2416 1082 literas

240 1120 282 1178 k
330 1085 393 1187 {m
470 1089 641 1175 αξη
685 1099 874 1152 Celfit.
896 1099 961 1151 T.
989 1100 1038 1151 3.
1061 1099 1361 1164 Februarij
1390 1099 1639 1152 labentis
1659 1102 1823 1151 Anni
1850 1101 1925 1152 ad
1950 1115 2046 1151 me
2072 1100 2327 1165 scriptas:
2355 1105 2417 1152 in

124 1189 166 1224 ιο
262 1185 282 1202 s
488 1188 509 1203 -·
554 1173 643 1200 x
684 1170 898 1236 quibus
919 1170 1109 1223 Celfit.
1131 1170 1196 1222 T.
1218 1170 1405 1222 statim
1425 1172 1498 1223 ab
1519 1174 1704 1231 initio,
1729 1171 1800 1223 de
1820 1171 2088 1223 tarditate
2111 1171 2162 1223 8(
2183 1175 2417 1224 raritate

239 1203 278 1318 ἓ
332 1243 373 1281 *1
396 1260 399 1262 “
451 1285 454 1288 .
558 1269 600 1302 224
628 1243 639 1300 ‘s
683 1258 955 1294 mearum
980 1242 1302 1302 literarum,
1330 1243 1609 1307 quodque
1631 1259 1703 1295 ex
1725 1242 2246 1295 Obseruationibus
2270 1246 2417 1295 meis

685 1314 1124 1366 Mathematicis
1150 1313 1301 1365 nihil
1327 1314 1692 1378 adipiscatur,
1719 1330 1955 1366 mecum
1976 1314 2311 1378 expostulat.
2339 1316 2418 1366 At

214 1405 321 1455 ego
346 1388 628 1452 superiori
654 1385 846 1438 aestate
868 1385 1056 1437 Celfit.
1079 1385 1144 1436 T.
1165 1385 1369 1450 scripfi‚
1392 1392 1568 1450 atque
1588 1389 1651 1437 in
1674 1386 1925 1438 Cometa
1949 1388 2216 1450 proxime
2244 1385 2419 1450 elapsi

213 1461 376 1513 Anni
395 1473 561 1510 meas
579 1457 1034 1510 obseruationes
1055 1459 1512 1517 communicaui‚
1536 1457 1587 1508 8(
1607 1457 1791 1516 fimul,
1814 1473 1949 1521 quae
1971 1457 2042 1508 de
2062 1457 2164 1508 illo
2186 1457 2418 1509 Mathe·

125 1550 166 1584 15
213 1534 424 1584 matice
449 1529 705 1581 breuiter
731 1528 979 1580 dicenda
1008 1528 1209 1588 habui,
1240 1528 1503 1593 exposui:
1535 1529 1630 1580 Ad
1658 1544 1793 1593 quae
1820 1531 2024 1580 omnia
2049 1528 2199 1580 nihil
2224 1528 2418 1580 adhuc

213 1601 464 1667 responfi
493 1603 708 1664 accepi,
739 1600 891 1652 adeo
920 1606 981 1651 vt
1009 1599 1365 1659 addubitem,
1397 1615 1476 1651 an
1506 1616 1578 1652 ea
1606 1601 1682 1652 ad
1713 1600 1900 1652 Celfit.
1931 1599 1996 1651 T.
2026 1615 2241 1652 manus
2270 1599 2419 1651 sarta

214 1673 362 1726 tecta
380 1674 773 1738 peruenerint,
794 1687 904 1723 nec
923 1687 1021 1723 ne:
1043 1671 1378 1736 praesertim,
1401 1687 1537 1723 cum
1552 1671 2087 1724 ROTHMANNO
2103 1687 2139 1723 a
2154 1670 2417 1723 Celfit.T.

138 1751 166 1793 ·1·
214 1745 331 1797 huc
351 1744 635 1809 ablegat0‚
663 1745 764 1808 qui
787 1750 924 1795 ante
946 1743 1246 1809 Hyemem
1271 1746 1645 1808 praeteritam,
1674 1746 1827 1795 circa
1847 1743 2200 1807 Septembris
2220 1742 2417 1803 finem,

214 1817 354 1868 hinc
380 1815 616 1875 decessit‚
643 1813 795 1866 nihil
820 1814 892 1866 de
918 1814 1011 1866 his
1038 1814 1362 1866 constiterit.
1391 1814 1598 1878 Scripfi
1619 1818 1795 1866 etiam
1817 1814 2014 1866 denuo
2039 1829 2143 1878 per
2164 1813 2419 1865 eundem

122 1905 167 1940 20
215 1886 838 1946 ROTHMANNVM,
877 1885 972 1938 sed
1004 1901 1170 1938 meas
1204 1885 1393 1938 Celfit.
1427 1885 1492 1938 T.
1526 1902 1650 1938 non
1681 1886 1838 1938 fuisse
1871 1885 2095 1946 allataS,
2136 1901 2270 1936 cum
2303 1885 2418 1950 ipse

215 1957 790 2012 ROTHMANNVS
810 1957 1080 2010 nondum
1099 1957 1213 2009 sese
1227 1959 1291 2009 in
1305 1957 1466 2010 Aula
1481 1957 1670 2010 Celfit.
1686 1957 1751 2009 T.
1767 1957 1976 2016 stiterit,
1998 1956 2161 2008 haud
2182 1956 2418 2008 obscure

215 2032 482 2096 conijciO.
511 2028 728 2082 Manfit
754 2029 851 2081 ille
875 2029 972 2081 hic
992 2044 1228 2081 mecum
1248 2032 1512 2093 quinque
1534 2032 1757 2081 circiter
1777 2029 2145 2093 septimanas,
2172 2031 2418 2080 interea-

215 2117 330 2167 que
351 2117 488 2153 cum
507 2101 609 2152 illo
631 2101 703 2153 de
723 2101 898 2153 rebus
911 2101 1331 2152 Astronomicis
1352 2117 1477 2152 non
1496 2103 1681 2153 inuite
1703 2100 1941 2160 contuli,
1962 2115 2198 2163 vnaque
2215 2099 2418 2151 Instru-

214 2179 553 2225 mentorum
577 2187 851 2224 meorum
870 2172 1141 2233 formam,
1170 2172 1664 2238 Magnitudinem,
1693 2171 2061 2224 Diuifionem
2083 2170 2134 2222 8(
2154 2171 2419 2223 Pinnaci-

123 2262 168 2296 2⁵
217 2245 450 2297 diorum
464 2246 754 2297 rationem
768 2243 958 2308 ipsum
972 2244 1286 2309 designare,
1308 2247 1390 2295 vti
1409 2244 1513 2308 ipfi
1532 2244 1715 2305 libuit,
1737 2243 1984 2295 libenter
2002 2242 2253 2307 permifi:
2277 2258 2418 2306 quo-

215 2331 349 2368 rum
363 2315 582 2380 aliqua,
601 2315 744 2367 dum
757 2314 855 2367 hic
868 2322 1215 2376 moraretur,
1231 2315 1306 2367 ad
1320 2315 1386 2367 T.
1403 2315 1592 2368 Celfit.
1608 2316 1787 2367 literis
1802 2314 2151 2379 consignata,
2167 2313 2221 2364 se
2236 2314 2418 2365 missu-

1734 836 1762 867 S

216 2403 349 2439 rum
375 2387 584 2448 aiebat,
611 2387 905 2439 nonnulla
925 2402 1068 2439 vero
1094 2387 1328 2451 plenius
1354 2387 1695 2451 perlustrata
1716 2386 1767 2438 8(
1788 2388 2116 2438 accuratius
2142 2385 2420 2449 descripta

216 2458 411 2511 secum
437 2458 709 2511 Cassellas
735 2458 1056 2510 allaturum
1081 2458 1392 2510 indicabat.
1421 2459 1564 2510 Non
1589 2466 1789 2510 tamen
1816 2459 2018 2509 omnia
2044 2457 2119 2508 ad
2142 2456 2207 2507 T.
2231 2455 2418 2508 Celfit.

217 2546 352 2595 quae
373 2532 435 2581 in
456 2529 757 2582 Machinis
777 2530 1197 2582 Astronomicis
1223 2531 1559 2594 peruiderat
1584 2530 1638 2581 se
1665 2529 1879 2581 referre
1906 2528 2124 2580 audere
2144 2530 2314 2579 tacite
2334 2530 2419 2578 in-

124 2618 170 2653 30
217 2601 503 2654 sinuabat:
524 2617 719 2666 neque
735 2604 895 2653 enim
910 2601 1099 2654 Celfit.
1114 2601 1181 2653 T.
1202 2604 1264 2653 in
1286 2602 1562 2653 omnibus
1582 2601 1667 2652 illi
1687 2600 1866 2652 fidem
1886 2599 2221 2651 habituram
2239 2598 2419 2649 existi-

217 2673 432 2734 mabat,
458 2672 742 2738 siquidem
767 2673 1050 2738 pleraque
1076 2676 1139 2725 in
1165 2673 1279 2724 illis
1307 2689 1548 2724 omnem
1574 2672 1753 2725 fidem
1780 2671 2074 2729 excedere,
2105 2686 2213 2721 nec
2239 2670 2421 2721 vestra

217 2743 310 2796 his
335 2743 586 2796 conferri
611 2746 777 2810 posse,
804 2745 1004 2809 sponte
1025 2744 1320 2805 fateretur,
1347 2760 1440 2805 ne,
1467 2744 1508 2795 fi
1533 2744 1679 2796 forte
1700 2743 1917 2794 horum
1937 2741 2419 2806 magnitudinem,

218 2815 562 2880 exquifitam
593 2814 950 2876 structuram,
985 2816 1037 2868 8(
1069 2819 1219 2867 inter
1252 2816 1686 2868 obseruandum
1717 2812 2002 2866 trad'tandi
2039 2813 2419 2871 habilitatem,

217 2893 390 2952 prout
409 2903 502 2939 res
523 2894 661 2947 erat,
682 2887 1010 2940 luculenter
1031 2894 1367 2952 exponeret,
1389 2890 1451 2938 in
1471 2890 1717 2952 gratiam
1736 2888 1854 2937 mei
1874 2885 1933 2937 id
1952 2884 2132 2948 loqui,
2155 2883 2206 2935 8(
2225 2883 2420 2935 vestris

125 2974 170 3009 3⁵
217 2957 330 3010 hac
355 2961 418 3010 in
442 2965 606 3024 parte
633 2959 883 3021 fabriciS‚
911 2962 1217 3024 quippiam
1243 2961 1442 3010 minus
1469 2959 1678 3010 decore
1701 2957 1981 3021 derogare
2000 2955 2315 3007 videretur:
2343 2955 2422 3005 At

218 3045 325 3095 ego
353 3029 438 3081 illi
467 3029 718 3082 liberum
744 3030 972 3095 reliqui,
1004 3046 1091 3089 ea,
1123 3046 1258 3095 quae
1285 3030 1380 3081 hic
1407 3030 1647 3090 viderat,
1678 3029 1796 3080 fiue
1826 3028 2033 3087 dicere,
2064 3026 2182 3078 fiue
2211 3034 2419 3086 tacere,

216 3107 390 3165 prout
417 3101 656 3165 ipsemet
686 3102 1002 3154 consultius
1031 3102 1090 3154 id
1121 3103 1224 3153 esse
1254 3102 1647 3153 arbitraretur.
1679 3099 1791 3152 Sed
1822 3114 1957 3151 cum
1983 3102 2136 3150 intra
2162 3097 2420 3149 semestre

216 3174 339 3224 iam
364 3172 626 3237 elapsum
651 3173 727 3226 ad
746 3173 811 3224 T.
836 3173 1024 3226 Celfit.
1052 3173 1323 3224 nondum
1349 3172 1616 3224 reuersus
1642 3172 1721 3232 fit,
1749 3171 1881 3223 satis
1907 3170 1962 3221 se
1990 3169 2421 3235 Pythagoreum

218 3245 281 3295 in
299 3246 447 3295 meis
466 3260 591 3296 non
611 3246 953 3297 omnimode
967 3244 1083 3296 istie
1097 3243 1494 3309 propalandiS,
1517 3243 1795 3295 exhibuit.
1817 3242 1938 3306 Ego
1953 3241 2106 3300 sane,
2129 3255 2263 3291 cum
2278 3240 2419 3290 Bru-

125 3329 171 3364 40
217 3330 379 3367 mam
392 3314 601 3367 instare
614 3316 893 3378 viderem,
906 3322 1102 3381 vtpote
1117 3322 1243 3367 tum
1258 3314 1573 3366 Michaelis
1585 3314 1745 3366 Festo
1759 3329 1882 3378 prae
1896 3312 2119 3364 foribus
2134 3311 2419 3368 existente,

218 3401 256 3437 a
283 3401 403 3450 quo
431 3392 713 3452 tempore,
745 3387 820 3439 ob
849 3389 1428 3452 appropinquantem
1458 3386 1773 3451 Hyemem,
1803 3383 2420 3503 nauigationesBmfttris

361 3467 429 3503 29·
2266 3468 2301 3503 a
2370 3466 2419 3500 c1
