2748 4204
983 313 1230 366 LIBER
1257 313 1579 367 PRIMUS
2295 318 2388 370 199

182 471 382 516 tamen
401 460 531 512 haec
550 461 666 511 tuis
687 460 832 522 quin
852 455 1264 520 responderem
1285 455 1554 520 adeoque
1574 456 1917 519 luculenter,
1939 457 2117 510 nullis
2137 459 2268 524 alijs
2283 462 2387 510 im-

182 534 368 600 pediri
392 531 557 583 volui
584 526 1092 593 occupationibus;
1121 525 1280 590 quod
1308 525 1360 576 8(
1387 529 1448 577 in
1471 526 1676 579 vltimo
1703 527 1852 580 datis
1878 535 2089 593 praeter
2114 530 2389 582 morbum

183 618 361 670 quem
389 600 801 668 significabam,
831 613 1043 650 reuera
1070 599 1152 648 ita
1176 596 1232 648 se
1259 595 1481 658 habuit,
1509 604 1568 649 vt
1594 605 1756 650 tanto
1784 600 2096 665 interlapso
2125 608 2388 665 tempore

181 676 283 728 tibi
307 672 515 740 procul
541 672 721 724 dubio
749 670 801 722 &
827 668 1198 722 commodius
1224 667 1534 732 minusque
1562 670 1873 721 aduersum
1894 671 2241 724 rescribendi
2260 672 2386 736 sup-

114 766 135 801 5
182 747 410 812 petierit
434 746 637 796 otium.
666 742 727 795 Si
753 749 954 794 tamen
981 739 1122 804 quid
1148 741 1211 790 in
1237 738 1329 790 his
1355 738 1642 791 liberioris
1670 741 2089 793 admonitionis
2116 742 2388 808 scriptum

184 817 273 878 est,
300 819 363 869 in
389 814 699 867 meliorem
723 819 952 878 partem
979 813 1177 874 accipe
1205 809 1258 860 &
1285 813 1694 862 communium
1720 811 2040 864 studiorum
2060 814 2269 865 Amori
2293 817 2387 865 tri-

181 889 312 941 bue.
333 886 481 939 Vale
503 885 556 937 &
575 885 616 937 fi
635 890 821 944 vacat,
849 886 968 935 iam
997 881 1184 934 statim
1204 880 1463 940 rescribe,
1491 888 1551 932 vt
1571 882 1646 933 ad
1668 882 1984 935 Nundinas
2012 887 2278 947 proxime
2304 888 2388 936 in—

182 959 390 1011 stantes
416 957 549 1009 Deo
574 955 811 1008 volente
837 952 1176 1018 responsum
1206 951 1404 1003 denuo
1434 952 1801 1005 nanciscaris,
1834 954 1965 1005 Has
1995 956 2218 1006 interea
2246 955 2387 1007 festi-

183 1031 348 1082 nanti
363 1043 601 1094 quoque
617 1026 848 1079 calamo
861 1031 1132 1077 exaratas
1145 1022 1288 1074 boni
1301 1022 1552 1074 consule.
1570 1023 1788 1075 Iterum
1801 1024 2041 1076 feliciter
2051 1025 2199 1077 vale.
2216 1026 2389 1078 Datae

95 1119 136 1155 10
182 1100 536 1165 Vraniburgi
555 1099 640 1151 24.
663 1096 960 1150 Nouemb.
981 1096 1164 1148 Anno
1186 1094 1330 1147 1589.
1765 1129 2004 1183 TYCHO
2033 1131 2275 1183 BRAHE.
2298 1127 2319 1199 ΙΙ

73 1289 153 1334 169
976 1275 1599 1338 POSTSCRIPTA.

303 1383 636 1437 VONIAM
675 1397 748 1434 ex
785 1381 966 1434 literis
1000 1380 1214 1440 vestris,
1252 1385 1380 1431 tum
1418 1381 1596 1431 etiam
1634 1378 1874 1431 aliunde
1911 1382 2160 1444 percepi,
2199 1380 2386 1432 ILLv-

340 1453 818 1508 STRISSIMVM
857 1451 1291 1504 PRINCIPEM
1330 1450 1949 1511 LANDGRAVIVM,
1991 1450 2123 1502 suas
2164 1451 2388 1515 aliquot

95 1547 136 1583 15
182 1528 499 1580 Annorum
530 1529 594 1578 in
625 1524 819 1578 affixis
852 1523 1044 1577 Stellis
1077 1522 1515 1575 obseruationes
1547 1521 1766 1586 publici
1797 1523 1940 1573 iuris
1971 1521 2162 1574 facere
2195 1523 2386 1575 decre-

182 1599 332 1660 uisse,
352 1604 573 1662 tuaque
594 1598 777 1662 opera
795 1599 859 1648 in
878 1594 992 1647 hoc
1012 1596 1249 1660 negotio
1271 1593 1643 1658 exsequendo
1663 1595 1766 1644 vti:
1792 1592 1969 1658 Rog0,
1991 1609 2094 1657 per
2113 1593 2386 1645 Astrono-

181 1672 320 1722 miae
339 1669 632 1721 honorem
653 1667 705 1720 &
725 1666 1124 1726 commodum,
1151 1672 1211 1717 vt
1230 1665 1463 1717 labores
1483 1664 1611 1725 hos,
1640 1663 1952 1716 Herculeis
1972 1664 2118 1716 forte
2139 1680 2262 1716 non
2281 1668 2385 1717 mi-

182 1756 372 1801 noreS,
401 1749 701 1792 maturare
731 1755 855 1791 non
883 1740 1092 1804 pigeat,
1123 1752 1199 1789 ne
1225 1739 1481 1788 nimium
1506 1735 1998 1801 procrastinando,
2030 1742 2131 1787 aut
2155 1736 2386 1800 prorsus

182 1812 544 1873 intercidant,
577 1818 681 1863 aut
711 1813 811 1862 vix
842 1810 1083 1862 tandem
1114 1811 1178 1860 in
1210 1823 1527 1860 commune
1559 1808 1718 1859 Artis
1751 1806 1929 1858 huius
1960 1808 2386 1871 promouendae

89 1901 136 1936 20
184 1883 668 1943 emolumentum,
683 1882 877 1934 lucem
891 1880 1190 1946 publicam
1203 1880 1457 1931 videant.
1474 1879 1634 1930 Hinc
1650 1881 1826 1939 enim,
1841 1885 1962 1931 tam
1976 1878 2077 1939 illi,
2093 1881 2194 1942 qui
2208 1879 2386 1931 modo

181 1954 311 2007 sunt
328 1954 665 2020 superstiteS‚
693 1968 876 2018 quam
895 1951 1120 2018 posteri,
1142 1966 1293 2016 quos
1312 1957 1435 2002 tam
1454 1950 1790 2002 sublimium
1811 1965 1952 2001 cura
1971 1965 2170 2001 rerum
2188 1952 2385 2015 tangit,

181 2025 350 2079 facile
365 2026 695 2086 decernent,
717 2040 899 2090 quam
914 2025 1176 2076 erroneis
1196 2025 1588 2074 inerrantium
1602 2021 1916 2074 Stellarum
1934 2020 2094 2080 lociS‚
2117 2021 2386 2085 coeloque

181 2100 378 2149 minus
405 2099 694 2163 congruiS,
721 2103 804 2148 tot
830 2098 952 2148 iam
977 2094 1184 2147 seculis
1211 2094 1286 2146 ob
1313 2092 1627 2145 Artificum
1653 2092 1772 2144 fiue
1798 2094 2125 2156 penuriam,
2156 2091 2274 2143 fiue
2301 2094 2385 2143 in-

182 2171 423 2230 curiam,
451 2166 737 2221 hac'tenus
756 2167 836 2219 vfi
856 2167 1049 2228 fimuS,
1079 2181 1215 2218 cum
1240 2168 1488 2217 certiora
1506 2166 1569 2216 in
1588 2170 1864 2229 promptu
1892 2178 2015 2215 non
2040 2162 2276 2215 fuerint:
2304 2170 2385 2215 vt-

90 2257 170 2301 25—1·
184 2256 297 2305 que
317 2239 487 2292 simul
506 2239 764 2292 constare
786 2245 979 2304 queat,
1003 2237 1262 2301 Quantae
1282 2236 1457 2288 molis
1478 2242 1601 2288 erat
1615 2235 1928 2288 Stellarum
1943 2236 2238 2298 inquirere
2253 2250 2385 2286 nor-

180 2326 330 2364 mas:
359 2311 444 2373 Et,
471 2318 532 2363 vt
558 2310 784 2363 collatis
803 2310 1001 2363 vestris
1027 2307 1638 2362 animaduersionibus
1659 2322 1794 2358 cum
1816 2308 1979 2365 meiS,
2008 2321 2154 2370 quas
2180 2321 2385 2370 prope-

181 2382 338 2435 diem
365 2382 624 2447 (fauente
652 2382 967 2435 Stellarum
995 2379 1227 2446 opifice)
1258 2379 1558 2444 publicare
1589 2378 1867 2438 constitui,
1899 2383 2121 2441 quanta
2149 2392 2384 2429 accura-

180 2456 340 2506 tione
361 2454 414 2506 &
433 2453 707 2507 laborum
722 2453 1043 2506 constantia
1056 2468 1149 2504 res
1163 2451 1294 2504 haec
1307 2453 1580 2515 vtrinque
1597 2449 1895 2501 exantlata
1908 2448 1985 2508 fit,
2005 2447 2383 2512 dignoscatur.

182 2526 343 2578 Nam
363 2526 523 2590 quod
542 2525 742 2577 vestrae
763 2525 1148 2577 restitutiones
1174 2538 1326 2588 pene
1354 2525 1417 2574 in
1442 2522 1717 2573 omnibus
1739 2519 1945 2579 Stellis,
1974 2518 2134 2583 quafi
2153 2518 2388 2570 vnciola

91 2613 136 2650 30
183 2599 356 2649 vnius
375 2597 607 2662 gradus,
629 2612 666 2649 a
684 2596 888 2648 nostris
909 2595 1289 2656 abundandO,
1311 2593 1599 2652 differant,
1621 2593 1679 2644 id
1696 2591 1861 2643 suam
1875 2589 2033 2655 apud
2049 2605 2165 2650 eOS,
2187 2593 2288 2654 qui
2302 2592 2387 2641 rei

182 2668 525 2733 perplexam
557 2667 962 2720 difficultatem
999 2666 1346 2731 intelligunt,
1385 2664 1555 2716 facile
1588 2662 2021 2715 excusationem
2054 2661 2385 2713 merebitur.

183 2739 395 2804 Neque
426 2742 603 2792 etiam
633 2739 801 2792 aliter
826 2738 954 2791 fieri
979 2745 1224 2803 poterat,
1256 2739 1401 2801 quin
1427 2735 1741 2788 Stellarum
1770 2749 1807 2785 a
1831 2733 1997 2785 vobis
2023 2731 2296 2796 praefiniti
2322 2732 2385 2783 li-

182 2813 367 2871 miteS,
383 2810 659 2863 nonnihil
673 2810 1003 2863 distantiam
1015 2811 1339 2875 genuinam
1353 2807 1426 2859 ab
1442 2803 1774 2870 aequinoctij
1793 2801 2009 2868 puncto
2025 2803 2385 2863 excederent,

183 2897 319 2934 cum
346 2881 716 2934 solummodo
745 2897 850 2947 per
880 2881 1122 2934 Stellam
1151 2881 1398 2931 Veneris
1427 2877 1814 2942 vespertinam
1847 2875 1977 2938 (nec
2006 2877 2145 2925 item
2175 2874 2384 2937 anm)

91 2970 136 3005 35
183 2951 526 3005 haudetiam
556 2953 690 3006 satis
722 2953 942 3014 crebro,
982 2952 1232 3017 idipsum
1266 2950 1516 3002 exsecuti
1547 2948 1677 3008 fitis,
1717 2944 2062 2998 refraclione
2094 2945 2386 2996 Venerem

181 3030 322 3076 tunc
346 3026 409 3076 in
433 3024 816 3090 longitudine,
846 3023 1162 3089 paululum
1191 3022 1336 3074 iusto
1362 3021 1603 3072 vlterius
1631 3018 1816 3071 oculis
1844 3017 2189 3069 infinuante.
2217 3016 2385 3067 Vnde

183 3094 602 3148 consec‘tarium
628 3096 719 3157 est,
747 3096 956 3149 Stellas
976 3095 1050 3147 ab
1078 3094 1190 3146 hac
1215 3109 1320 3158 per
1346 3091 1842 3155 intercapedinem
1871 3088 2181 3148 deriuataS‚
2210 3090 2386 3139 etiam

182 3165 659 3232 longitudinibuS,
689 3170 876 3232 magis
904 3181 1085 3231 quam
1114 3180 1264 3230 opus
1291 3170 1431 3224 erat,
1462 3161 1805 3214 accrescere:
1836 3166 1895 3211 vt
1921 3158 2071 3210 nihil
2096 3159 2286 3210 dicam
2314 3159 2384 3209 de

182 3237 406 3291 lubrica
424 3238 528 3290 illa
547 3238 898 3291 obseruandi
918 3240 1017 3290 via
1035 3252 1140 3301 per
1157 3234 1468 3287 Alimutha
1489 3233 1541 3285 &
1561 3232 1932 3291 AltitudineS‚
1954 3245 2073 3282 vna
2093 3244 2227 3280 cum
2245 3236 2384 3280 tem-

91 3324 136 3359 40
183 3323 396 3373 porum
422 3325 495 3361 ex
520 3309 845 3375 horologijs
871 3312 1071 3360 minus
1093 3314 1219 3359 tuto
1241 3306 1491 3358 obtentis
1511 3302 2002 3360 denotationibuS,
2030 3300 2243 3364 quibus
2263 3315 2384 3351 om-

182 3379 355 3432 nibus
368 3395 491 3441 VOS,
506 3383 588 3432 vti
605 3396 728 3433 non
748 3380 954 3433 frustra
974 3379 1241 3443 suspicor,
1263 3378 1439 3428 nimis
1454 3375 1649 3427 secure
1665 3372 1970 3426 confiditis.
1987 3371 2222 3430 Verum,
2246 3373 2385 3453 quia

2322 3456 2382 3490 m
