2748 4204
316 317 382 369 34
664 311 1269 367 EPISTOLARUM
1295 310 2126 367 ASTRONOMICARUM

316 456 512 520 ijsdem
538 455 739 506 Literis
763 453 893 504 Tua
918 451 1184 504 Celfitud.
1214 455 1569 505 mentionem
1599 453 1894 505 cuiusdam
1923 454 2113 516 exigui
2139 451 2190 502 ἃ
2214 451 2468 515 vndique

315 525 546 576 rotundi
566 523 843 581 Cometae,
864 521 1208 585 praecedenti
1222 522 1400 572 Anno
1420 525 1569 575 circa
1588 523 1622 575 8
1642 521 1903 575 Odtobris
1923 538 1960 574 a
1977 521 2123 573 Tuae
2138 520 2323 573 Celfit.
2339 521 2468 572 Ma·

313 593 623 645 thematico
643 590 1254 644 CHRISTOPHORO
1275 590 1800 644 ROTHMANNO
1826 595 1887 643 in
1907 591 2107 642 vltima
2133 591 2366 642 decuria
2393 593 2468 650 )(,

315 663 366 714 &
380 663 704 714 Latitudine
718 660 966 712 Australi
986 659 1386 719 animaduerfi,
1407 676 1583 724 quem
1595 662 1660 713 T.
1677 661 1967 714 Celfitudo
1980 660 2219 724 ipsamet
2231 659 2287 711 19
2303 657 2470 711 octo-

314 733 428 784 bris
453 735 514 783 in
539 732 595 782 21
617 739 679 786 V
702 746 834 782 cum
856 729 1182 781 Latitudine
1201 729 1234 780 4
1253 736 1395 793 part.
1416 730 1607 783 adhuc
1634 730 2024 790 Meridionali‚
2051 728 2468 794 depraehendit;
2518 747 2539 780 ⁵

313 804 564 865 petitque
583 800 848 852 Celfitud.
868 799 998 851 Tua
1011 815 1047 851 a
1060 799 1319 850 Domino
1341 800 1814 861 RANTZOVIO,
1835 807 1893 851 vt
1912 799 2180 864 fignificet
2199 814 2343 850 num
2357 798 2470 850 Co-

313 879 468 922 meta
486 874 534 922 is
554 873 615 921 in
634 870 833 921 nostris
850 872 965 920 oris
979 866 1309 932 conspectus
1322 868 1507 921 fuerit.
1529 870 1894 921 Nominatim
1906 885 2045 920 vero
2059 868 2188 920 Tua
2203 867 2469 920 Celfitud.

314 957 350 992 a
368 956 462 992 me
483 939 816 1004 cognoscere
836 938 1126 996 desiderat,
1154 953 1231 988 an
1252 938 1302 988 &
1323 953 1444 1002 ego,
1473 955 1704 1003 quaque
1724 940 2065 1003 potissimum
2084 941 2308 990 ratione
2328 952 2467 988 eun-

314 1011 446 1062 dem
467 1009 773 1061 Cometam
793 1008 1012 1059 caelitus
1032 1007 1400 1059 obseruarim.
1423 1008 1532 1060 Etfi
1551 1023 1690 1060 vero
1709 1008 1855 1060 Tuae
1877 1008 2213 1060 Celfitudini
2232 1006 2471 1058 scribere

314 1080 618 1143 aliquoties
632 1082 693 1130 in
707 1081 971 1130 animum
988 1077 1331 1136 induxerim,
1352 1084 1475 1129 tum
1490 1078 1563 1129 ob
1577 1078 1879 1130 sublimem
1892 1078 2069 1136 illam,
2090 1092 2197 1129 nec
2210 1091 2471 1140 vnquam

312 1149 443 1200 satis
462 1148 774 1207 laudatam,
797 1162 914 1210 qua
934 1147 1210 1198 diuinitus
1229 1147 1503 1210 praeditus
1521 1163 1582 1198 es
1597 1150 1659 1198 in
1673 1148 1844 1199 rebus
1857 1147 2145 1198 AEthereis
2159 1146 2472 1198 absolutius

314 1218 672 1282 inquirendis
693 1218 832 1280 (quo
852 1219 1090 1267 nomine
1111 1231 1313 1267 omnes
1333 1224 1453 1267 tam
1471 1216 1777 1280 superioris
1795 1232 1974 1280 quam
1987 1216 2158 1267 nostri
2172 1219 2288 1268 aeui
2301 1216 2471 1267 Viros

313 1289 603 1351 Principes
628 1287 796 1350 longe
822 1285 1137 1347 antecellis)
1163 1286 1497 1337 industriam
1521 1287 1572 1337 &
1593 1286 1951 1338 sedulitatem
1976 1285 2318 1346 indefessam,
2346 1292 2472 1337 tum

315 1360 488 1409 etiam
508 1357 665 1420 quod
682 1355 947 1408 Celfitud.
962 1355 1092 1407 Tua
1111 1363 1245 1406 ante
1258 1356 1466 1407 Annos
1484 1355 1664 1407 ferme
1685 1355 1906 1420 elapsos
1925 1357 1986 1415 11,
2006 1370 2100 1406 me
2115 1355 2354 1408 Casellis
2372 1354 2471 1407 fibi

313 1426 650 1490 praesentem
670 1425 980 1477 clementer
998 1425 1431 1488 admodumque
1450 1425 1735 1476 beneuole
1756 1425 2059 1489 complexa
2077 1424 2262 1485 fuerit,
2284 1425 2470 1489 deque

314 1496 483 1548 rebus
514 1495 940 1554 Astronomicis,
973 1510 1106 1558 quae
1137 1494 1326 1546 nostra
1357 1494 1430 1546 est
1460 1494 1744 1559 voluptas,
1777 1489 2168 1562 perli-ssbenter
2194 1498 2470 1559 varieque

313 1580 544 1617 mecum
569 1564 886 1616 contulerit.
913 1564 1311 1615 Veruntamen
1337 1579 1470 1616 cum
1494 1579 1725 1616 vererer
1750 1579 1824 1616 ne
1852 1564 2188 1616 Celfitudini
2212 1564 2358 1617 Tuae
2386 1567 2470 1616 in-

313 1634 657 1698 tempestiuis
682 1636 827 1685 meis
851 1634 1028 1684 literis
1053 1633 1325 1685 molestiae
1345 1634 1646 1698 quidpiam
1665 1634 1973 1694 adferrem;
2000 1634 2313 1698 praesertim
2338 1649 2472 1686 cum

312 1712 393 1756 tot
407 1705 717 1755 Annorum
736 1703 1061 1762 interuallo,
1083 1702 1134 1754 &
1153 1705 1301 1754 inter
1319 1710 1481 1755 tanta
1500 1703 1737 1768 Reipub.
1759 1703 2222 1756 administrandae
2242 1706 2472 1768 negotia

314 1774 648 1826 Celfitudini
661 1772 805 1824 Tuae
819 1775 1104 1824 memoria
1115 1775 1232 1824 mei
1246 1789 1318 1824 ex
1331 1776 1530 1824 animo
1543 1773 1711 1825 facile
1726 1774 1979 1825 excidisse
1999 1780 2237 1837 poterat,
2257 1771 2472 1826 factum

314 1844 402 1904 est,
416 1850 476 1895 vt
489 1844 827 1895 diuturnum
840 1842 1116 1894 scribendi
1129 1842 1482 1906 propofitum
1495 1846 1556 1894 in
1570 1843 1727 1895 hunc
1740 1843 1914 1907 vsque
1929 1844 2083 1895 diem
2096 1845 2469 1908 prorogarim.

314 1914 468 1966 Cum
495 1928 634 1964 vero
664 1912 930 1964 Celfitud.
960 1911 1090 1964 Tua
1117 1927 1219 1976 per
1247 1911 1423 1964 didtas
1453 1913 1673 1965 Literas
1704 1913 1777 1965 D.
1808 1913 2266 1965 RANTZOVIO
2298 1912 2471 1965 trans·

311 1984 510 2042 missas,
535 1998 629 2034 me
654 1982 898 2034 salutare
924 1982 1234 2033 clementer
1258 1997 1380 2033 non
1405 1983 1712 2047 dedignata
1729 1982 1915 2043 fuerit,
1942 1983 1994 2034 &
2020 1983 2094 2034 ad
2113 1982 2213 2035 fibi
2231 1982 2470 2035 scriben-

313 2054 468 2112 dum,
488 2053 672 2104 sumta
691 2067 728 2103 a
746 2059 1003 2103 recenter
1020 2052 1140 2103 viso
1162 2052 1408 2104 Cometa
1428 2052 1724 2104 occafione
1743 2052 1891 2104 vltro
1910 2054 2183 2112 inuitarit,
2207 2054 2472 2105 animum

312 2122 620 2174 audentius
638 2121 922 2186 resumpsi,
945 2122 996 2172 &
1015 2122 1332 2186 plurimum
1350 2121 1496 2173 mihi
1516 2122 1960 2187 congratulatus,
1981 2121 2135 2174 hanc
2153 2122 2471 2189 multorum

310 2193 621 2243 Annorum
652 2191 992 2243 desiderium
1024 2191 1291 2255 explendi
1323 2195 1773 2256 oportunitatem
1811 2207 1989 2256 quam
2027 2193 2470 2245 commodissime

311 2261 520 2322 offerri,
546 2264 786 2312 minime
806 2261 1042 2313 vlterius
1063 2260 1446 2313 differendum
1466 2262 1621 2322 duxi,
1649 2265 1791 2326 quin
1813 2262 2032 2326 aliquid
2053 2262 2377 2314 Literarum
2396 2262 2471 2314 ad

309 2331 500 2383 Tuam
520 2331 705 2383 Celfit.
733 2338 1064 2382 reuerenter
1087 2334 1390 2390 mitterem,
1417 2331 1594 2383 fretus
1619 2331 1730 2383 hac
1758 2331 1901 2384 Cels.
1922 2331 2068 2383 Tuae
2094 2331 2361 2384 clementi
2385 2335 2470 2384 in-

308 2404 605 2460 uitatione,
636 2416 769 2464 quae
796 2416 990 2452 meam
1019 2401 1327 2452 audaciam
1355 2401 1657 2453 excusabit.
1688 2401 1779 2453 De
1807 2401 2053 2454 Cometa
2081 2404 2277 2466 itaque
2306 2404 2471 2454 cuius

310 2470 790 2522 Obseruationem
802 2470 866 2522 Τ.
883 2470 1148 2522 Celfitud.
1165 2486 1202 2522 a
1213 2486 1308 2522 me
1322 2471 1621 2535 diligenter
1634 2471 1925 2532 desiderat,
1940 2478 2147 2524 notum
2159 2471 2310 2524 facio
2324 2471 2470 2524 Cels.

308 2541 470 2599 Tuae,
486 2555 622 2591 eum
636 2540 692 2592 18
705 2540 818 2591 Die
834 2538 1098 2592 Ostobris
1111 2543 1373 2604 proxime
1388 2540 1560 2604 elapsi
1568 2542 1745 2601 Anni,
1759 2540 1905 2592 mihi
1919 2541 2120 2593 Sidera
2132 2556 2295 2593 more
2308 2541 2471 2593 solito

310 2610 720 2674 contemplanti
747 2612 1012 2661 omnium
1036 2613 1225 2674 primo
1250 2611 1582 2674 apparuisse,
1610 2610 1661 2662 &
1687 2611 1760 2662 ab
1786 2610 1898 2662 hoc
1923 2611 2043 2675 ipso
2063 2611 2193 2672 Die,
2216 2610 2390 2675 vsque
2409 2614 2472 2663 in

308 2681 566 2731 medium
586 2680 955 2739 Nouembris,
983 2680 1264 2743 quamdiu
1288 2680 1552 2732 videlicet
1578 2679 1825 2744 conspici
1849 2687 2088 2744 poterat,
2114 2681 2470 2745 quotiescun-

310 2765 421 2814 que
446 2749 716 2801 serenitas
742 2756 1032 2813 oportuna
1057 2750 1492 2810 concedebatur,
1519 2750 1909 2802 Instrumentis
1936 2750 2223 2815 exquisitis
2249 2749 2301 2802 &
2325 2750 2472 2803 nulli

310 2822 489 2871 errori
508 2819 774 2883 obnoxijs
794 2819 1202 2883 diligentissime
1221 2819 1590 2871 obseruatum
1609 2819 1779 2872 fuisse.
1802 2820 1976 2883 Quod
1989 2835 2129 2872 vero
2143 2823 2363 2885 integro
2376 2820 2470 2872 de-

310 2890 514 2940 cendio
538 2889 758 2941 tardius
783 2889 951 2940 nobis
977 2905 1156 2952 quam
1175 2889 1321 2941 Tuae
1342 2889 1609 2942 Celfitud.
1634 2889 2055 2942 Mathematico
2080 2889 2174 2942 hic
2201 2890 2472 2943 Cometes

310 2962 638 3018 innotuerit,
664 2961 726 3009 in
751 2958 922 3010 causa
945 2958 1106 3010 fuere
1132 2961 1424 3011 continuae
1445 2959 1710 3011 Nubium
1729 2959 2112 3019 obscuritateS,
2137 2963 2330 3012 mixtis
2355 2975 2470 3012 cre-

308 3029 570 3079 berrimis
590 3028 642 3079 &
659 3028 1044 3092 tempestuosis
1070 3028 1524 3088 humiditatibuS,
1552 3044 1684 3092 quae
1704 3029 1959 3081 nostrum
1979 3029 2472 3094 Hemisphaerium

309 3099 443 3149 inde
463 3098 580 3149 fere
601 3098 673 3149 ab
693 3101 857 3149 initio
873 3097 1135 3150 Odtobris
1155 3101 1234 3150 ita
1251 3098 1628 3157 obduxerant,
1648 3105 1707 3149 vt
1721 3098 1875 3150 Coeli
1889 3099 2271 3164 Siderumque
2285 3099 2470 3164 aspec-

309 3175 433 3219 tum
460 3174 579 3219 toto
605 3167 706 3218 illo
730 3174 1005 3231 tempore,
1034 3168 1209 3231 vsque
1235 3170 1296 3218 in
1321 3167 1659 3232 praedictum
1685 3168 1875 3227 Diem,
1906 3184 2023 3232 quo
2050 3168 2297 3221 Cometa
2320 3169 2472 3221 visus

311 3237 399 3296 est,
426 3240 654 3300 penitus
677 3237 1105 3288 intercluserint.
1133 3238 1219 3288 Ex
1238 3239 1308 3301 ijs
1327 3253 1467 3289 vero
1487 3253 1621 3301 quae
1641 3238 1714 3289 ab
1734 3238 1846 3289 hoc
1864 3245 2140 3302 tempore,
2167 3254 2285 3302 quo
2305 3238 2472 3290 nobis

309 3309 562 3371 primum
590 3306 836 3370 conspici
865 3310 1047 3370 caepit,
1076 3322 1178 3370 per
1202 3314 1384 3358 totam
1409 3306 1582 3370 ipfius
1609 3308 1991 3367 durationem,
2021 3308 2472 3372 quotiescunque

2199 3377 2471 3429 serenitas

2523 1097 2564 1130 10

2523 1445 2563 1479 15

2519 2141 2565 2175 25

2519 2838 2564 2874 35

2519 3185 2565 3219 40
