2748 4204
169 554 197 597 ÷

173 779 195 813 5

152 1134 194 1169 10

142 2207 187 2241 25

136 2270 194 2314 89

138 2920 184 2955 35

138 3276 184 3311 40

154 3405 183 3449 'l‘

1047 329 1294 381 LIBER
1320 330 1644 383 PRIMUS
2371 336 2450 388 117

247 473 790 529 Obseruationibus:
813 487 949 524 cum
968 470 1119 522 nihil
1138 470 1356 523 horum
1376 487 1479 536 per
1498 472 1952 526 Obseruationes
1969 491 2178 527 verum
2199 480 2449 541 reperia-

246 554 355 600 tur.
386 547 499 600 Sed
524 545 666 598 nolo
692 547 755 597 in
781 541 1157 595 demortuum
1186 542 1359 607 plura
1387 543 1594 595 dicere.
1626 544 1687 596 Si
1713 546 2031 598 assumseris
2056 553 2226 599 tuum
2251 548 2450 600 locum

245 619 413 678 Solis,
441 617 493 669 81
518 630 723 669 veram
749 615 959 667 Dextri
979 613 1236 665 Humeri
1258 613 1500 666 Orionis
1521 615 1934 668 Ascenfionem
1960 616 2194 679 teclam,
2223 635 2449 672 veram-

245 706 360 755 que
380 688 875 746 Declinationem‚
895 691 1066 750 provt
1085 683 1290 736 nostris
1312 683 1836 739 Obseruationibus
1857 690 2267 751 inueniuntur;
2292 692 2447 743 vide-

244 762 332 814 bis
351 764 636 813 annotata
660 757 757 810 hic
777 764 1113 821 temporum
1132 762 1438 808 momenta
1457 760 1701 821 propius
1721 759 1797 810 ad
1817 765 1920 811 tua
1940 761 2233 813 accedere.
2263 762 2447 827 Eclip-

243 832 326 884 fin
352 830 531 883 huius
556 829 768 881 menfis
795 828 870 881 ob
896 828 1150 893 pluuiaS‚
1178 842 1315 891 quae
1336 843 1373 879 a
1392 827 1441 879 6.
1464 827 1754 892 Septemb.
1778 838 2032 894 quatuor
2052 834 2306 898 integros
2327 834 2450 886 dies

243 905 519 955 continue
539 901 637 953 hic
657 900 962 960 durarunt,
984 898 1294 951 obseruare
1315 914 1439 951 non
1459 902 1640 963 potui,
1663 916 2010 966 quanquam
2029 918 2125 955 me
2146 903 2450 969 diligenter

242 974 663 1040 praeparassem.
690 970 1036 1024 Admodum
1061 969 1394 1022 inconstans
1422 970 1474 1022 &
1499 971 1837 1035 pluuiosum
1866 973 2101 1025 Caelum
2127 974 2241 1026 hoc
2267 976 2448 1028 Anno

242 1046 339 1098 hic
366 1044 623 1098 Cassellis
650 1043 775 1104 fuit,
805 1042 956 1095 adeo
981 1048 1042 1094 vt
1070 1057 1293 1107 paucas
1319 1041 1645 1094 admodum
1673 1042 2127 1097 obseruationes
2157 1046 2448 1099 instituere

242 1118 557 1182 potuerim:
573 1116 961 1180 Percuperem
971 1113 1128 1174 scire,
1144 1129 1223 1166 an
1234 1114 1393 1165 idem
1406 1115 1584 1166 etiam
1596 1116 1659 1165 in
1670 1114 1801 1180 alijs
1812 1114 1955 1167 locis
1967 1115 2160 1168 fuisset.
2177 1117 2449 1170 Planetas

242 1188 552 1240 obseruare
582 1186 982 1239 Illustrissimus
1011 1185 1286 1249 Princeps
1315 1184 1464 1237 mihi
1493 1201 1618 1237 non
1646 1189 1938 1251 permittit,
1971 1190 2138 1239 cuius
2166 1189 2448 1242 mandato

241 1266 472 1312 tantum
492 1258 700 1311 Stellas
720 1258 895 1310 Fixas
915 1257 1243 1317 obseruare,
1272 1256 1528 1321 indeque
1547 1273 1691 1309 vera
1711 1273 1918 1310 earum
1940 1258 2073 1311 loca
2094 1259 2342 1312 Calculo
2363 1264 2447 1313 in-

242 1332 456 1397 dagare
471 1346 662 1396 cogor.
674 1329 814 1381 Vult
829 1331 989 1380 enim
1002 1328 1178 1393 ipfius
1193 1327 1466 1380 Celfitud.
1482 1335 1541 1380 vt
1557 1328 2013 1382 Obseruationes
2027 1331 2248 1383 nostras
2262 1333 2448 1396 publi-

243 1418 340 1455 cas
360 1402 591 1462 faciam,
613 1401 993 1466 quotidieque
1013 1400 1307 1452 calculum
1326 1415 1534 1452 earum
1550 1407 1727 1466 vrget.
1747 1401 1887 1453 Vult
1906 1402 2218 1466 posteritati
2238 1419 2447 1456 monu-

239 1480 508 1526 mentum
535 1473 622 1525 sui
652 1488 789 1539 erga
813 1471 1255 1524 Astronomiam
1283 1474 1504 1524 amoris
1533 1472 1890 1537 relinquere:
1922 1476 2016 1526 cui
2047 1474 2319 1527 clementi
2348 1492 2447 1527 vo-

238 1546 450 1598 luntati
475 1544 623 1597 mihi
648 1544 980 1610 parendum
1007 1543 1098 1595 est.
1127 1543 1313 1596 Cedet
1333 1559 1484 1608 opus
1504 1543 1619 1596 hoc
1638 1547 1899 1597 maxime
1919 1548 1982 1597 in
2002 1553 2167 1598 tuam
2190 1546 2445 1608 laudem,

238 1633 346 1669 nec
366 1616 436 1669 fis
456 1616 709 1669 solicitus
730 1616 802 1668 de
823 1615 1239 1668 InstrumentiS.
1269 1615 1356 1668 Ea
1383 1618 1543 1667 enim
1567 1632 1704 1668 cum
1730 1615 2063 1670 honorifica
2082 1620 2167 1670 tui
2187 1621 2447 1671 nominis

237 1685 656 1754 praedicatione
681 1688 784 1740 tibi
810 1687 1121 1747 restituam,
1152 1702 1261 1740 nec
1289 1687 1734 1752 praetergrediar
1759 1688 2004 1753 reliqua,
2033 1689 2104 1741 de
2132 1690 2346 1754 quibus
2373 1692 2448 1743 ad

237 1776 348 1812 nos
360 1759 733 1826 perscripsisti.
748 1758 991 1811 Assumfi
1003 1774 1111 1823 pro
1122 1758 1528 1820 fundamentO,
1540 1766 1600 1811 vt
1612 1759 2005 1824 superioribus
2017 1777 2255 1826 quoque
2267 1762 2446 1814 literis

237 1831 573 1897 fignificaui,
594 1831 912 1883 Aldeborae
932 1830 1348 1883 Ascenfionem
1367 1829 1586 1884 rectam
1606 1838 1751 1896 part.
1767 1832 1852 1884 63.
1870 1832 1955 1884 M.
1972 1833 2045 1885 10.
2068 1849 2249 1897 quarn
2270 1837 2447 1886 etiam

236 1902 350 1955 hoc
371 1903 492 1968 ipso
512 1904 695 1955 Anno
714 1918 819 1968 per
838 1902 1134 1954 Venerem
1159 1902 1438 1955 diurnam
1456 1918 1662 1955 veram
1687 1906 1910 1956 inueni.
1940 1903 2118 1968 Quod
2145 1911 2345 1957 autem
2371 1906 2445 1958 ob

237 1975 296 2027 id
316 1977 580 2040 quinque
601 1975 852 2026 Minutis
872 1977 936 2026 in
956 1974 1349 2040 Longitudine
1369 1974 1587 2039 vbique
1613 1974 1734 2027 fere
1761 1974 2104 2028 differamus
2131 1992 2167 2028 a
2192 1979 2307 2029 tuis
2329 1977 2445 2030 Ob-

235 2045 681 2108 seruationibuS,
702 2048 1021 2106 neminem,
1038 2049 1140 2110 qui
1154 2046 1335 2098 modo
1349 2045 1723 2099 subtilitatem
1737 2046 1917 2099 huius
1931 2050 2145 2113 negotij
2163 2048 2445 2114 intelligit,

236 2117 515 2170 offendet:
538 2120 684 2183 quin
697 2120 892 2183 potius
907 2133 979 2170 eo
993 2120 1285 2170 maiorem
1298 2117 1479 2171 fidem
1493 2119 1652 2184 apud
1666 2118 2056 2183 posteritatem
2070 2120 2443 2173 merebimur.

236 2189 419 2242 Potest
438 2190 686 2242 Veneris
707 2189 1012 2242 Diameter
1037 2188 1194 2242 hanc
1214 2189 1609 2243 differentiam
1634 2191 2022 2243 introducere.
2050 2191 2219 2243 Nihil
2244 2198 2445 2243 tamen

237 2261 308 2313 de
329 2260 441 2314 hac
461 2263 524 2313 in
539 2261 735 2326 Opere
755 2261 948 2313 nostro
969 2276 1159 2326 agam,
1179 2268 1240 2314 vt
1259 2262 1362 2314 tibi
1382 2264 1608 2328 integra
1620 2262 1868 2327 potestas
1882 2262 2265 2328 relinquatur,
2282 2259 2303 2331 ΙΙ
2318 2264 2443 2315 dili-

235 2335 464 2398 gentius
496 2332 549 2384 81
579 2332 846 2397 pluribus
879 2332 1405 2386 obseruationibus
1442 2333 1599 2387 hanc
1631 2350 1758 2386 rem
1790 2335 2188 2387 examinandi.
2230 2335 2356 2387 Nec
2389 2342 2442 2387 te

236 2403 509 2464 offendet,
537 2405 697 2469 quod
721 2404 855 2456 licet
874 2404 1200 2467 videamuS‚
1226 2412 1282 2457 te
1309 2408 1474 2458 omni
1500 2406 1770 2458 humana
1790 2405 2089 2471 diligentia
2108 2409 2172 2458 in
2191 2408 2305 2458 tuis
2327 2407 2442 2459 Ob-

234 2475 663 2528 seruationibus
682 2475 865 2537 Vsum,
892 2475 1283 2529 nihilominus
1309 2483 1511 2529 tamen
1537 2493 1574 2530 a
1600 2477 1820 2538 nostri&
1852 2493 2000 2542 quas
2027 2478 2213 2530 oculis
2239 2479 2443 2530 nostris

234 2547 507 2607 vidimus,
538 2563 662 2599 non
691 2547 1077 2600 discedamus:
1108 2549 1236 2601 Nec
1264 2551 1425 2601 enim
1450 2549 1509 2601 id
1534 2551 1793 2601 veritatis
1823 2556 2091 2601 amantes
2118 2550 2302 2602 decet:
2334 2566 2442 2602 nec

233 2618 458 2670 nosmet
477 2618 687 2671 alienis
706 2619 924 2683 plumis
945 2635 1158 2672 ornare
1178 2620 1475 2673 volumus.
1500 2621 1954 2674 obseruationes
1974 2627 2107 2672 tuas
2127 2621 2244 2673 huc
2264 2621 2440 2673 trans-

232 2690 419 2742 missas
440 2690 855 2755 diligentissime
870 2691 1240 2753 custodimuS‚
1262 2708 1371 2744 nec
1391 2692 1523 2758 alijs
1543 2692 1930 2757 inspiciendas
1950 2692 2305 2756 praebemus:
2333 2709 2441 2745 nec

232 2761 692 2825 publicationem
707 2777 914 2814 earum
928 2770 1172 2816 metues,
1193 2763 1325 2816 Tibi
1345 2779 1609 2829 regnum,
1631 2764 1733 2815 tibi
1753 2763 2235 2816 restaurationem
2248 2764 2439 2816 Astro-

233 2835 454 2884 nomiae
474 2833 888 2898 relinquimus;
916 2850 985 2887 ac
1005 2835 1349 2900 gaudemuS‚
1372 2836 1492 2895 esse,
1516 2837 1617 2900 qui
1639 2850 1710 2887 ea
1730 2837 1793 2886 in
1813 2850 1875 2886 re
1895 2834 2165 2899 praestare
2185 2836 2344 2900 possit
2363 2836 2438 2897 id,

233 2904 394 2968 quod
422 2903 674 2957 antehac
702 2905 957 2970 praestitit
985 2922 1180 2959 nemo.
1216 2906 1394 2971 Quod
1423 2907 1464 2958 fi
1492 2907 1714 2971 possum
1742 2906 1844 2958 tibi
1874 2922 2231 2971 quocunque
2260 2907 2439 2959 modo

234 2976 337 3027 esse
363 2976 724 3037 adiument0‚
755 2979 819 3028 in
845 2992 916 3030 eo
943 2993 1122 3030 omne
1147 2994 1352 3031 meum
1377 2978 1645 3038 studium,
1677 2977 2054 3043 diligentiam,
2081 2978 2437 3038 industriam,

232 3045 412 3098 fidem
427 3045 618 3100 sancte
638 3048 741 3100 tibi
759 3048 1042 3112 polliceor
1062 3065 1131 3103 ac
1151 3050 1368 3102 defero.
1390 3050 1629 3101 Motum
1643 3048 1795 3102 Solis
1809 3065 1847 3101 a
1859 3055 1914 3100 te
1929 3048 2046 3101 huc
2059 3049 2440 3102 transmissum

232 3120 478 3170 inuenio
505 3117 848 3172 exaclissime
878 3137 1014 3173 cum
1042 3122 1247 3173 nostris
1276 3120 1799 3174 obseruationibus
1830 3136 2173 3186 congruere;
2204 3128 2437 3185 praeter-

233 3204 416 3253 quam
435 3192 588 3243 circa
606 3193 829 3256 primos
850 3192 1090 3245 Gradus
1116 3206 1196 3254 xa,
1222 3193 1321 3245 vbi
1341 3208 1480 3244 eum
1500 3191 1938 3256 aliquantulum
1958 3192 2102 3244 iusto
2122 3192 2439 3245 tardiorem

232 3275 336 3324 per
355 3261 649 3314 Venerem
678 3266 888 3327 reperi:
917 3264 1077 3328 quod
1103 3271 1304 3317 tamen
1329 3264 1519 3328 ipsum
1544 3270 1599 3315 te
1626 3279 1865 3328 quoque
1891 3264 2355 3316 animaduertisse
2376 3267 2438 3315 in

231 3332 524 3395 prioribus
552 3332 733 3385 literis
761 3338 975 3400 arguis.
1006 3336 1225 3400 Accepi
1254 3338 1317 3387 in
1346 3335 1740 3400 superioribus
1767 3334 2068 3386 Nundinis
2095 3334 2436 3387 Francofor-

231 3402 484 3455 tenfibus
504 3420 541 3456 a
561 3404 646 3457 M.
669 3405 986 3458 IOANNE
1007 3406 1393 3459 AALBORG
1416 3406 1702 3459 Carmina
1729 3405 2006 3470 quaedam
2026 3412 2138 3458 ate
2158 3406 2436 3528 atlillffobi-

2227 3493 2246 3527 1
2285 3492 2435 3529 imos
