2748 4204
440 323 531 373 210
787 315 1390 370 EPISTOLARUM
1415 314 2245 368 ASTRONOMICARUM

508 462 618 512 Die
644 460 691 510 2.
714 458 927 520 Martij,
954 455 1101 506 hora
1125 455 1173 506 7.
1196 454 1279 504 M.
1302 454 1402 506 164.
1424 469 1557 504 cum
1577 454 1824 505 Cometa
1850 454 1973 504 esset
1998 456 2060 504 in
2085 454 2167 505 90.
2195 454 2532 507 Horizontis
2551 472 2588 508 a

439 530 766 581 Meridiano
785 526 980 589 gradu,
1001 524 1383 574 Altitudinem
1399 524 1482 574 50.
1498 530 1639 585 part.
1654 525 1751 573 vix
1770 523 1949 574 tribus
1969 523 2294 574 desideratis
2312 524 2588 588 scrupulis

438 600 714 655 obtinenS‚
742 594 1206 645 Declinationem
1230 592 1432 643 habuit
1457 598 1598 655 part.
1620 592 1703 642 39.
1725 592 1809 642 M.
1830 591 1932 644 213.
1953 592 2119 644 Vnde
2139 608 2176 644 a
2194 593 2334 645 Polo
2354 594 2589 646 distabat

436 669 492 719 P.
513 667 595 718 50.
618 666 701 716 M.
722 665 833 716 3842.
861 664 938 713 At
963 662 1110 713 hora
1129 662 1201 713 15.
1222 661 1306 712 M.
1328 661 1440 714 353.
1463 661 1699 724 quando
1723 663 1785 711 in
1808 661 2140 713 Meridiano
2166 662 2288 722 suit,
2314 663 2465 715 infra
2483 664 2587 715 Po-

434 738 572 794 lum,
593 735 793 785 habuit
812 732 1173 784 altitudinem
1193 746 1229 782 a
1249 728 1606 781 Refractione
1626 730 1928 781 liberatam
1947 731 2005 782 P.
2025 732 2074 782 5.
2096 731 2180 782 M.
2201 732 2314 785 293.
2335 733 2587 797 Ideoque
2636 751 2657 784 5

435 822 470 857 a
489 805 628 856 Polo
649 803 828 854 abfuit
847 803 904 852 P.
926 802 1008 853 50.
1031 801 1115 851 M.
1136 801 1219 852 25.
1241 800 1370 850 Fuit
1389 806 1586 851 autem
1604 799 1890 862 sequentis
1910 801 2024 851 diei
2038 801 2116 852 H.
2132 802 2209 854 7ὲ.
2230 804 2292 852 in
2311 802 2588 853 consimili

435 874 731 925 altitudine
761 871 1088 922 Declinatio
1117 870 1174 920 P.
1200 869 1284 920 40.
1312 869 1397 920 M.
1424 869 1472 920 O.
1501 883 1680 932 quare
1709 871 1952 920 mutatio
1981 873 2105 921 eius
2134 871 2343 923 diurna
2372 875 2590 923 eruitur

434 944 516 995 38.
532 943 615 993 Μ.
639 940 1098 1004 Correspondent
1116 941 1311 1002 itaque
1331 938 1490 989 horis
1504 938 1582 992 8-32
1597 941 1822 1002 Vtrique
1837 939 2222 991 obseruationi
2235 942 2587 993 interceden-

433 1013 581 1064 tibus
607 1012 691 1062 M.
718 1011 818 1063 13{“.
845 1010 1020 1061 modo
1046 1007 1411 1072 aliquantula
1436 1010 1611 1058 etiam
1635 1007 1919 1059 habeatur
1942 1012 2105 1069 rati0‚
2134 1010 2290 1073 quod
2315 1013 2377 1061 in
2400 1014 2588 1074 primo

433 1082 812 1133 Restitutionis
838 1081 1062 1131 diurnae
1087 1078 1335 1136 Triente,
1366 1077 1834 1129 Declinationem
1861 1078 2039 1142 paulo
2068 1079 2310 1131 celerius
2337 1083 2587 1141 mutarit,
2641 1098 2682 1132 ιο

434 1166 610 1215 quam
639 1150 844 1213 postea.
878 1148 1092 1199 Debuit
1122 1148 1194 1198 ob
1223 1147 1281 1197 id
1311 1163 1445 1199 cum
1474 1147 1873 1198 Meridianum
1900 1147 2050 1199 infra
2079 1149 2285 1200 Polum
2315 1150 2587 1210 transiret,

433 1221 691 1272 distantia
717 1222 840 1270 eius
860 1234 896 1269 a
915 1217 1071 1276 Polo,
1098 1216 1323 1268 seruata
1347 1216 1702 1268 alterationis
1726 1220 1976 1281 propriae
2003 1218 2274 1282 analogia
2299 1220 2400 1270 esse
2424 1219 2482 1270 P.
2504 1219 2587 1271 50.

432 1291 515 1341 M.
537 1291 619 1341 25.
642 1289 796 1353 quod
817 1290 1076 1351 apprime
1097 1302 1229 1337 cum
1255 1286 1374 1350 ipsa
1397 1286 1796 1338 obseruatione
1817 1287 2106 1339 consentit.
2134 1288 2219 1339 Ita
2243 1295 2301 1339 vt
2326 1288 2422 1340 hic
2448 1304 2587 1352 quo-

432 1375 543 1423 que
563 1359 878 1410 Parallaxis
904 1356 1051 1407 nihil
1072 1357 1469 1419 impedimenti
1490 1355 1780 1407 obiecerit:
1808 1372 1942 1408 cum
1960 1364 2172 1418 tamen,
2193 1357 2233 1408 fi
2252 1361 2314 1409 in
2334 1357 2587 1410 confinio

433 1430 601 1481 Orbis
623 1429 868 1479 Lunaris
889 1427 1139 1477 extitisset
1156 1426 1443 1486 CometeS,
1465 1440 1536 1477 ea
1555 1426 1674 1490 ipsa
1693 1426 1964 1487 effecisset‚
1985 1434 2044 1478 vt
2062 1442 2184 1478 non
2202 1427 2400 1479 saltem
2418 1431 2587 1480 inter·
2640 1445 2681 1480 15

430 1499 588 1550 uallo
608 1505 689 1549 tot
708 1497 988 1548 horarum
1006 1496 1148 1547 Polo
1167 1498 1404 1559 propior
1423 1496 1494 1546 14.
1516 1496 1779 1556 MinutiS‚
1805 1503 1976 1560 prout
1994 1503 2187 1548 motus
2205 1499 2418 1562 proprij
2442 1501 2588 1549 ratio

432 1568 704 1631 exigebat,
726 1566 1071 1625 redderetur,
1091 1565 1185 1616 sed
1203 1568 1264 1616 in
1281 1567 1474 1616 citima
1487 1566 1803 1617 Meridiani
1816 1566 2116 1618 altitudine
2130 1567 2401 1618 nonnihil
2415 1571 2587 1619 etiam

430 1640 703 1689 remotior
722 1636 794 1688 ab
815 1636 931 1695 illc,
953 1651 1131 1699 quam
1144 1638 1207 1686 in
1222 1635 1521 1687 altitudine
1536 1636 1593 1687 P.
1608 1636 1692 1687 50.
1708 1637 2061 1700 apparuisset.
2082 1637 2400 1688 Parallaxis
2415 1640 2588 1697 enim,

430 1707 848 1758 Declinationis
880 1712 1273 1770 augmentum,
1305 1721 1407 1769 per
1439 1706 1595 1769 quod
1623 1705 1764 1757 Polo
1795 1709 2031 1770 propior
2061 1706 2250 1766 fiebat,
2282 1707 2412 1770 plus
2442 1707 2590 1758 vltra

430 1776 779 1828 absorbfisset.
810 1776 876 1826 In
900 1775 1057 1826 hunc
1082 1778 1277 1838 itaque
1302 1776 1561 1835 modum,
1588 1775 1682 1826 vel
1705 1791 1777 1827 ex
1805 1775 1896 1827 his
1925 1776 2150 1827 duabus
2179 1775 2587 1828 obseruationi-
2637 1794 2683 1828 20

429 1847 536 1898 bus
562 1849 710 1897 circa
735 1848 951 1910 primos
972 1846 1093 1896 dies
1113 1845 1309 1909 Martij
1336 1845 1563 1904 habitis,
1588 1845 1720 1896 satis
1740 1851 1892 1896 certo
1912 1849 2111 1909 patuit,
2139 1846 2424 1898 Cometen
2442 1847 2589 1898 nulli

429 1916 716 1968 Parallaxi
741 1915 893 1967 fuisse
920 1915 1256 1975 obnoxium,
1283 1915 1532 1978 ideoque
1558 1930 1680 1966 non
1704 1915 1903 1966 saltem
1927 1918 1989 1966 in
2014 1915 2133 1979 ipso
2155 1915 2393 1967 AEthere
2418 1916 2589 1980 longe

428 1986 597 2050 supra
611 1986 839 2037 Lunam
852 1985 1270 2048 reponendum,
1290 1985 1384 2036 sed
1400 1984 1450 2035 &
1465 1985 1652 2036 Solari
1667 1984 1822 2036 Orbe
1842 1988 2173 2049 propiorem
2191 1988 2289 2037 vix
2309 1987 2552 2038 extitisse.
2568 1981 2589 2053 ΙΙ

499 2054 873 2107 Refractionis
891 2071 1030 2106 vero
1055 2055 1387 2119 implicati0‚
1414 2055 1484 2106 de
1511 2070 1629 2118 qua
1652 2054 1827 2107 semel
1849 2062 2022 2119 atque
2042 2058 2251 2107 iterum
2271 2055 2405 2116 dixi,
2431 2055 2472 2107 fi
2497 2058 2590 2107 cui
2624 2064 2704 2107 180

429 2125 555 2177 haec
569 2125 711 2176 forte
727 2126 968 2177 dubium
982 2125 1221 2188 aliquod
1234 2130 1448 2184 mouet,
1469 2124 1718 2176 facilime
1733 2127 1939 2176 euitari
1955 2128 2140 2189 potuit
2154 2128 2304 2177 circa
2318 2128 2588 2185 citimam,
2637 2142 2682 2177 25

428 2199 507 2247 vti
535 2197 738 2254 decuit,
769 2198 893 2247 eius
922 2195 1302 2255 altitudinem,
1332 2210 1403 2246 ex
1432 2210 1550 2259 quo
1576 2195 1796 2246 Lucida
1820 2195 2081 2246 Medusae
2109 2195 2284 2247 Stella
2313 2195 2591 2247 confimili

427 2265 605 2316 ferme
627 2265 951 2317 eleuatione
973 2265 1372 2316 Meridianum
1390 2267 1453 2316 in
1471 2267 1800 2328 propinquo
1820 2265 2093 2324 transiret,
2113 2268 2193 2317 ita
2208 2272 2267 2316 vt
2284 2264 2589 2318 Refrad'tio-

427 2351 546 2395 neS‚
568 2351 700 2398 quae
714 2338 775 2386 in
788 2335 899 2387 hac
913 2336 1055 2386 Fixa
1069 2335 1490 2399 contingebant,
1513 2335 1774 2387 Cometae
1795 2337 1970 2387 etiam
1990 2335 2294 2386 commode
2314 2335 2590 2399 applicari

427 2408 732 2469 potuerint.
753 2405 946 2456 Veluti
965 2404 1108 2465 haec‚
1130 2405 1181 2456 &
1201 2405 1318 2457 alia
1338 2406 1412 2457 ad
1431 2405 1826 2456 Parallaxium
1847 2404 2159 2468 praesertim
2180 2406 2590 2457 enodationem

427 2475 711 2535 facientia,
737 2475 839 2526 suo
864 2475 994 2527 loco
1021 2475 1072 2526 &
1096 2482 1355 2538 tempore
1381 2475 1553 2526 latius
1579 2481 1752 2538 atque
1777 2474 2078 2539 specialius
2104 2475 2405 2539 explicare,
2435 2475 2588 2527 Geo-
2637 2491 2682 2526 30

427 2548 776 2608 metriceque
797 2546 1183 2597 demonstrare
1204 2545 1479 2596 constitui.
1501 2545 1675 2596 Nunc
1689 2544 1991 2596 Tabellam
2010 2545 2187 2605 illam,
2210 2545 2471 2597 Cometae
2491 2560 2588 2608 ap-

427 2618 718 2678 parentias
739 2615 812 2667 ad
832 2615 1042 2667 horam
1061 2616 1110 2667 9.
1131 2615 1188 2666 P.
1211 2615 1295 2666 M.
1316 2614 1671 2679 singulorum
1691 2615 1931 2674 dierum,
1959 2615 2168 2679 quibus
2188 2614 2391 2675 illuxit,
2412 2617 2588 2666 conti-

428 2692 678 2745 nentem,
709 2701 887 2749 quam
915 2685 1202 2749 pollicitus
1227 2685 1368 2745 sum,
1397 2684 1755 2750 subiungam,
1786 2688 1951 2736 cuius
1975 2682 2318 2736 succinctam
2344 2684 2588 2750 explica-

428 2757 646 2806 tionem
665 2758 1011 2818 praemittere
1031 2755 1203 2807 lubet.

863 2882 1326 2935 EXPLICATIO
1352 2882 1685 2935 TABULAE
1711 2881 2158 2945 SEQUENTIS.
2637 2898 2682 2933 35

568 2964 701 3015 UAE
726 2967 945 3027 priores
967 2965 1277 3016 Columnae
1299 2964 1530 3016 Menses
1556 2963 1608 3015 &
1634 2965 1771 3025 dieS,
1799 2964 2008 3028 quibus
2029 2964 2276 3016 Cometa
2300 2963 2468 3015 nobis
2490 2979 2588 3027 ap-

583 3037 789 3096 paruit,
807 3034 1099 3086 denotant.
1121 3035 1498 3099 Intelligenda
1511 3041 1707 3086 autem
1720 3037 1877 3086 venit
1890 3034 2101 3098 vbique
2116 3034 2285 3085 Hora
2298 3033 2399 3084 illa
2412 3033 2590 3085 Nona

430 3103 730 3167 completa,
757 3104 830 3155 ad
857 3119 1035 3167 quam
1061 3107 1185 3155 eius
1210 3112 1478 3156 motuum
1506 3104 1873 3156 habitudines
1898 3103 2096 3155 relatae
2121 3103 2264 3162 sunt,
2285 3119 2322 3154 a
2341 3103 2589 3154 Meridie

429 3174 679 3237 assignati
698 3173 812 3224 diei
833 3174 1037 3237 elapsa,
1058 3175 1232 3238 idque
1251 3177 1314 3226 in
1332 3174 1690 3239 longitudine
1709 3174 1973 3225 locorum
1991 3180 2134 3237 part.
2155 3174 2239 3225 37.
2259 3175 2537 3236 proxime.

498 3242 691 3294 Tertia
711 3242 1006 3295 Columna
1025 3244 1209 3307 ipsum
1224 3245 1486 3296 Cometae
1505 3251 1731 3295 motum
1749 3246 2049 3308 proprium
2069 3245 2130 3294 in
2148 3242 2250 3294 suo
2269 3246 2494 3294 tramite
2514 3242 2588 3294 ab
2636 3258 2681 3293 4ο

429 3311 820 3364 intersectione
841 3328 975 3364 cum
988 3313 1307 3377 AEquatore
1323 3316 1384 3365 in
1398 3320 1558 3378 parte
1573 3313 1692 3365 339.
1708 3314 1855 3365 Min.
1871 3314 1955 3365 45.
1971 3319 2254 3372 numerat,
2275 3312 2588 3432 inclinasnte

2176 3408 2182 3413 ἡ
2501 3396 2531 3432 e
2557 3397 2587 3432 e
