2730 4212
303 312 404 363 362
823 299 1499 355 ANNOTATIONES
1525 297 1921 349 EDITORIS

302 447 445 488 illum
474 444 590 485 haec
620 453 683 484 ex
713 441 800 482 suo
829 438 1045 481 cerebro
1074 447 1178 479 non
1206 436 1417 486 habere,
1448 434 1696 488 fiquidem
1725 432 2029 476 Doctrinam
2056 432 2449 487 Triangulorum

302 514 505 568 prorsus
533 510 821 565 ignorabat:
853 511 902 549 et
928 518 1048 549 curn
1077 504 1291 548 iactaret
1318 505 1366 546 re
1393 505 1531 558 apud
1555 507 1606 546 te
1632 501 1966 546 collectorem
1992 501 2259 544 literarum
2284 502 2336 544 in
2359 506 2451 545 tua

301 580 641 637 typographia
666 578 825 631 egisse,
853 576 956 618 dixi
980 576 1097 617 haec
1124 586 1244 617 eum
1265 586 1329 617 ex
1348 574 1554 616 nemine
1575 573 1676 615 alio
1698 571 1987 626 cognouisse
2012 574 2366 625 praeterquam
2386 584 2450 614 ex

300 657 364 694 te.
395 651 510 692 Non
533 652 709 690 tamen
734 646 1040 699 persuadere
1067 647 1305 697 poteram
1331 643 1538 696 prorsus
1558 642 1882 684 Illustrissimo
1903 641 2119 694 Principi
2138 641 2310 684 nostro
2332 641 2449 684 haec

302 721 426 763 falsa
454 718 564 767 esse,
596 727 893 769 quanquam
924 713 1101 755 omnia
1129 717 1179 755 et
1207 724 1272 755 ex
1299 714 1579 755 Ptolemaeo
1609 715 1659 754 et
1688 723 1752 754 ex
1781 711 2067 764 Copernico
2098 711 2449 761 adducebam;

302 790 432 831 adeo
448 786 674 829 Illustriss.
691 785 841 838 ipfius
857 784 1016 825 Celfit.
1034 783 1099 824 ab
1115 782 1505 836 horologiopaeo
1527 784 1639 823 erat
1659 783 1932 834 occupata.
1956 779 2253 823 Construdto
2273 783 2452 822 tamen

299 859 509 900 tandem
529 866 592 897 eo
613 854 966 902 Instrumento‚
994 852 1133 904 quod
1158 851 1441 894 homuncio
1461 851 1544 893 ille
1563 850 1615 892 in
1635 861 1698 892 eo
1720 850 1906 903 scripto
1927 850 2218 900 delineauit‚
2247 850 2314 892 ad
2334 861 2453 892 ocu-

300 930 406 969 lum
432 929 481 967 et
507 923 735 966 Illustriss.
762 922 1000 975 Princeps
1027 924 1077 963 et
1097 921 1530 975 Horologiopaeus
1554 919 1696 971 uidit,
1724 931 1813 962 eas
1839 919 2152 973 hypotheses
2176 930 2330 962 ueras
2355 919 2452 962 esse

299 1008 402 1039 non
418 994 567 1048 posse,
586 992 868 1046 praesertim
883 1003 948 1033 ex
963 991 1144 1032 Marte.
1166 990 1499 1032 Assumebant
1514 990 1652 1032 enirn
1665 992 1870 1031 tantum
1884 989 2290 1032 eccentriculum
2305 989 2451 1039 Solis,

299 1067 451 1118 inque
466 1075 528 1106 eo
544 1061 862 1105 eccentricos
877 1060 1194 1113 reliquorum
1208 1061 1536 1101 Planetarum
1552 1059 2030 1109 circumducebant,
2053 1058 2230 1101 omissa
2244 1070 2452 1112 aequana

298 1135 425 1176 tium
455 1133 667 1182 ratione,
700 1131 798 1181 seu,
827 1131 860 1171 fi
892 1130 1173 1172 secundum
1199 1129 1545 1182 Copernicum
1571 1129 1890 1182 loquendum
1916 1129 2000 1180 est,
2032 1128 2220 1171 omissis
2245 1127 2452 1182 prorsus

299 1204 392 1246 illis
418 1201 649 1246 circellis.
682 1201 788 1242 Nec
818 1200 979 1242 homo
1007 1199 1091 1241 ille
1118 1198 1309 1242 sciebat
1333 1198 1561 1241 rationes
1586 1201 1637 1241 et
1662 1199 1974 1251 quantitates
2001 1198 2376 1241 diametrorum
2402 1200 2453 1239 et

300 1272 757 1320 eccentricitatum,
781 1270 863 1312 sed
883 1269 1000 1311 haec
1015 1281 1079 1311 ex
1094 1268 1381 1322 Copernico
1396 1268 1699 1310 desumebat
1713 1268 2147 1322 Horologiopaeus
2161 1267 2343 1319 noster,
2366 1267 2453 1320 qui

302 1343 417 1385 satis
429 1353 610 1384 coram
623 1339 944 1382 Illustrissimo
955 1338 1184 1391 Principe
1198 1350 1264 1381 ex
1276 1350 1362 1380 me
1378 1337 1636 1389 audiebat,
1654 1338 1921 1391 quomodo
1934 1349 2018 1380 res
2030 1336 2304 1380 tractanda
2318 1337 2450 1380 esset.

301 1412 408 1454 Nec
430 1422 522 1464 ego
544 1410 823 1463 quicquam
846 1409 910 1450 de
933 1408 992 1462 ijs
1012 1408 1256 1459 dixissem‚
1284 1408 1372 1450 nifi
1399 1407 1503 1450 mei
1529 1407 1684 1462 officij
1712 1407 1890 1458 sufflet,
1919 1407 2302 1450 Illustrissimum
2321 1406 2453 1449 Prin-

300 1482 467 1534 cipem
487 1491 664 1522 meum
685 1479 751 1520 ab
772 1478 1148 1531 approbatione
1172 1477 1400 1533 (petebat
1419 1477 1559 1520 enim
1580 1477 1646 1519 ab
1667 1477 1993 1520 Illustrissima
2011 1478 2164 1531 ipsius
2185 1477 2306 1520 Cels.
2326 1476 2454 1519 testi-

300 1550 533 1592 monium
560 1547 946 1602 approbationis
971 1547 1432 1601 impudentissimus
1457 1547 1558 1601 ille)
1583 1546 1649 1589 ab
1677 1547 2055 1601 approbatione
2076 1547 2290 1600 inquam
2310 1546 2453 1589 falsae

300 1620 371 1661 rei
390 1618 667 1661 retrahere.
692 1619 749 1659 Et
769 1617 1175 1671 quotiescunque
1196 1617 1535 1670 colloquebar
1554 1627 1676 1658 cum
1697 1617 1929 1660 Illustriss,
1951 1617 2103 1671 ipsius
2123 1617 2301 1668 Celfit„
2329 1617 2454 1659 sem-

299 1701 390 1742 per
416 1689 596 1730 aderat
620 1687 777 1730 etiam
801 1686 1250 1740 Horologiopaeus,
1281 1686 1367 1739 qui
1390 1686 1616 1729 hominis
1640 1690 1814 1740 partes
1840 1687 2042 1741 agebat.
2068 1687 2289 1729 Tantum
2315 1686 2452 1729 enim

299 1759 349 1800 in
374 1770 492 1800 mea
521 1757 746 1799 absentia
772 1757 934 1799 homo
957 1756 1039 1799 ille
1060 1756 1127 1798 ad
1147 1756 1530 1799 Illustrissimum
1549 1756 1837 1810 Principem
1857 1759 1969 1799 erat
1990 1756 2252 1800 admissus:
2279 1756 2454 1810 postea

299 1839 424 1870 uero
445 1839 711 1880 nunquam
732 1826 954 1880 amplius
975 1826 1359 1877 admittebatur,
1387 1827 1454 1869 ob
1482 1838 1642 1880 quam
1665 1827 1877 1869 causam
1898 1827 2057 1869 etiam
2075 1827 2128 1869 in
2147 1826 2454 1880 praefatione

298 1896 430 1939 tecte
454 1898 506 1939 in
531 1908 615 1938 me
640 1895 911 1938 inuehitur.
940 1897 999 1937 Et
1022 1897 1289 1949 quomodo
1310 1899 1549 1950 poteram
1570 1896 1712 1939 illum
1735 1897 2111 1939 commendare
2131 1896 2454 1939 Illustrissimo

298 1966 513 2020 Principi
532 1966 718 2016 nostro,
745 1977 868 2008 cum
886 1976 983 2007 nec
1004 1976 1124 2007 eam
1142 1965 1307 2018 ipsam
1327 1966 1727 2009 delineationem
1747 1977 1843 2009 nec
1865 1966 2147 2020 quicquam
2167 1966 2455 2009 admodum

300 2037 364 2078 de
383 2036 483 2078 hac
503 2047 558 2077 re
578 2035 875 2089 intelligerit.
899 2035 1006 2078 Nec
1020 2038 1199 2077 tamen
1211 2035 1307 2077 rite
1323 2035 1759 2090 Horologiopaeus
1772 2036 1941 2079 noster
1954 2048 2019 2079 ex
2033 2048 2119 2079 me
2132 2038 2453 2090 perceperat,

300 2106 564 2158 quomodo
591 2116 673 2147 res
698 2103 969 2147 tractanda
995 2105 1133 2148 esset:
1161 2116 1348 2148 uerum
1373 2105 1483 2159 post
1508 2105 1734 2149 hominis
1758 2106 1892 2149 illius
1915 2106 2180 2149 discessum
2200 2105 2456 2159 explicaui

300 2175 621 2217 Illustrissimo
647 2174 878 2228 Principi‚
908 2175 1174 2228 quomodo
1202 2175 1379 2217 omnia
1405 2176 1528 2217 data
1554 2178 1605 2218 et
1630 2175 1858 2219 rationes
1884 2176 2262 2220 diametrorum
2287 2176 2339 2218 in
2364 2175 2457 2218 cir-

300 2245 425 2287 culis
445 2257 509 2287 ex
530 2245 813 2297 Copernico
835 2244 989 2287 essent
1009 2245 1308 2287 assumenda
1332 2245 1834 2299 transponendaque,
1863 2258 1982 2300 quae
2006 2249 2130 2289 tunc
2157 2246 2309 2289 facile
2335 2245 2457 2288 arri-

299 2314 471 2367 piebat
492 2314 938 2368 Horologiopaeus,
967 2314 1050 2356 cui
1070 2314 1416 2368 Copernicum
1436 2315 1487 2357 in
1507 2316 1865 2369 germanicum
1885 2316 2177 2359 sermonem
2196 2316 2457 2358 transtule-

299 2387 379 2425 rat
403 2387 663 2436 utcunque
682 2383 838 2426 Vrsus
864 2383 961 2427 ille.
991 2384 1067 2426 Ita
1093 2384 1269 2438 postea
1295 2385 1515 2427 curabat
1541 2384 1631 2428 fibi
1650 2385 2003 2429 Illustrissimus
2023 2386 2262 2440 Princeps
2287 2385 2457 2428 noster

299 2464 391 2506 per
405 2453 865 2507 Horologiopaeum
886 2453 1076 2497 confici
1096 2457 1405 2497 automaton
1423 2453 1857 2508 perfectissimum,
1879 2456 2116 2498 omnium
2128 2457 2456 2498 Planetarum

299 2526 500 2565 motum
516 2523 796 2565 secundum
811 2524 1073 2566 calculum
1088 2523 1357 2577 Copernici
1371 2523 1596 2578 perfecte
1611 2525 1876 2576 exhibens,
1899 2526 1964 2568 de
1982 2537 2084 2579 quo
2100 2525 2257 2568 etiam
2274 2524 2456 2578 ruperi-

299 2592 474 2635 oribus
494 2593 651 2635 literis
672 2593 854 2647 scripti.
882 2593 1017 2635 Nam
1036 2593 1176 2645 illud,
1199 2594 1339 2646 quod
1360 2594 1637 2637 delineauit
1656 2594 1819 2637 homo
1838 2595 1922 2638 ille
1941 2595 1992 2637 in
2013 2596 2198 2649 scripto
2219 2596 2324 2646 suo,
2350 2596 2456 2637 nul-

299 2662 394 2704 lius
420 2662 488 2704 est
515 2663 781 2713 momenti,
809 2674 904 2706 nec
932 2663 1015 2706 hic
1040 2663 1243 2717 reliquit
1269 2663 1355 2705 sed
1381 2664 1556 2706 secum
1582 2664 1799 2716 abstulit,
1826 2677 1922 2719 pro
1949 2665 2058 2708 eius
2083 2665 2284 2708 fabrica
2309 2665 2458 2707 inter-

299 2735 508 2785 pretans
523 2732 926 2786 Horologiopaeo
942 2733 1303 2786 Copernicum,
1325 2745 1356 2775 a
1377 2745 1480 2787 quo
1495 2734 1653 2776 etiam
1667 2746 1788 2777 mea
1802 2735 2116 2789 compendia
2135 2734 2323 2791 [deleta
2339 2737 2458 2777 sunt

299 2802 460 2843 verba
484 2805 559 2843 »et
579 2801 869 2844 doctrinam
881 2803 1321 2859 Triangulorum«]
1343 2815 1553 2857 quoquo
1575 2805 1736 2847 modo
1757 2805 2014 2858 cognouit,
2036 2808 2088 2848 et
2105 2804 2157 2846 in
2170 2805 2255 2848 illo
2271 2804 2456 2858 scripto

301 2870 695 2913 manifestissima
716 2873 1083 2914 maleuolentia
1098 2872 1504 2927 Horologiopaeo
1524 2874 1724 2916 homini
1742 2874 1981 2918 illiterato
2001 2878 2052 2918 et
2070 2874 2246 2917 idiotae
2264 2874 2455 2925 tribuit,

301 2951 455 2992 quem
475 2943 652 2982 tamen
672 2952 766 2995 ego
786 2942 984 2995 primus
1005 2942 1496 2985 demonstrationem
1510 2943 1566 2985 47
1581 2955 1629 2997 p.
1649 2944 1667 2985 l
1686 2944 1824 2986 Eucl.
1841 2944 2011 2995 docui,
2032 2944 2138 2986 iarn
2158 2944 2457 2986 mercedem

302 3010 579 3063 anguinam
611 3014 896 3064 reportans.
932 3011 1301 3065 obliquitatem
1333 3012 1475 3055 illam
1505 3013 1716 3056 Zodiaci
1745 3013 2166 3068 horologiopaeus
2197 3013 2366 3056 noster
2393 3024 2458 3056 ex

302 3078 431 3121 meis
452 3079 893 3123 obseruationibus
912 3081 1274 3135 transcriptam
1295 3082 1454 3124 etiam
1473 3083 1525 3124 in
1547 3082 1780 3126 secundis
1801 3083 2048 3137 scrupulis
2061 3083 2150 3137 ipsi
2163 3083 2455 3126 transmisit:

301 3151 356 3189 ut
376 3152 426 3190 et
447 3149 547 3190 alia
568 3160 631 3190 ex
653 3150 781 3192 meis
802 3150 1247 3194 obseruationibus
1267 3153 1545 3194 collufione
1561 3153 1949 3207 Horologiopaei
1965 3153 2196 3207 surrepta
2210 3153 2335 3195 sunt.
2357 3152 2458 3195 Sed

300 3218 422 3260 nolo
441 3229 562 3259 cum
583 3219 788 3272 impuro
806 3220 891 3261 illo
909 3223 960 3262 et
978 3220 1384 3274 Horologiopaeo
1405 3222 1577 3264 nostro
1597 3234 1710 3264 rem
1730 3222 1946 3265 habere:
1973 3221 2252 3266 Doctissimi
2270 3222 2367 3265 uiri
2387 3221 2458 3264 fa-

302 3287 397 3328 cile
417 3286 732 3339 iudicabunt,
755 3289 890 3331 unde
910 3289 1151 3332 fluxerint
1170 3292 1432 3344 pleraque,
1454 3294 1505 3334 et
1525 3291 1646 3344 quid
1665 3292 1850 3346 cuique
1863 3292 2196 3335 tribuendum
2212 3292 2282 3334 fit.
2306 3291 2458 3343 Quod
