2748 4204
371 328 461 378 216
717 320 1317 375 EPISTOLARUM
1342 319 2170 372 ASTRONOMICARUM

370 465 551 515 ralem
579 463 806 520 habent,
836 467 1024 523 partes
1052 461 1388 522 primariam
1416 458 1568 510 hanc
1597 458 1820 509 inlitam
1848 458 1946 508 fibi
1975 460 2437 522 praerogatiuam,
2466 459 2518 510 8(

369 535 720 596 praecipuam
746 546 812 581 ac
837 528 1156 591 specificam
1182 528 1514 591 dignitatem
1539 543 1660 578 non
1685 527 1967 591 abijcient.
1995 526 2106 578 Sed
2129 528 2267 590 quid
2293 528 2363 578 de
2387 528 2518 579 casu

370 616 562 652 rerum
581 602 846 663 grauium
859 597 1106 647 solicitus
1121 611 1196 654 es,
1218 611 1351 647 cum
1365 599 1579 656 omnia,
1601 611 1733 659 quae
1747 598 1808 646 in
1821 595 2115 659 superficie
2129 595 2324 648 Terrae
2337 596 2519 649 libera

369 671 419 720 8(
433 686 468 721 a
481 676 598 720 toto
612 669 868 731 separata
881 669 1084 725 iacent,
1106 668 1368 727 quinimo
1382 665 1501 728 ipsa
1514 665 1728 723 Turris,
1751 679 1821 715 ex
1842 680 1958 728 qua
1973 664 2199 716 Globus
2212 665 2517 729 plumbeus

369 740 755 795 dimitteretur,
782 736 1014 799 ipsaque
1040 734 1286 785 aedificia
1310 740 1558 792 ruerent,
1585 740 1758 797 atque
1778 749 1814 785 a
1832 733 2028 785 Terrae
2049 741 2213 786 motu
2231 735 2516 799 relinque-

368 814 562 858 rentur
581 807 789 857 necesse
811 806 948 864 esset,
969 804 1009 854 fi
1028 810 1216 867 partes
1236 819 1358 854 non
1376 806 1685 854 retinerent
1703 810 1928 854 motum
1947 806 2142 855 totius:
2164 805 2319 868 quod
2340 820 2517 868 quam

367 877 428 927 fit
453 883 650 927 contra
670 875 911 925 Naturae
932 873 1301 936 Sapientiam,
1328 888 1502 923 nemo
1528 888 1650 923 non
1668 872 1838 923 videt.
1866 872 2041 935 Quod
2066 880 2262 925 autem
2284 874 2354 925 de
2375 874 2516 938 Sup-

366 944 756 1009 putationibus
776 943 962 1002 affers,
982 942 1223 993 Terram
1243 957 1313 992 ea
1332 944 1555 992 ratione
1576 945 1637 992 in
1655 957 1773 992 vno
1787 942 2035 994 secundo
2049 945 2323 1007 temporis
2336 939 2357 1011 ΙΙ
2370 943 2516 995 scru-

366 1015 504 1079 pulo
536 1014 763 1065 reuolui
795 1013 999 1064 debere
1030 1014 1091 1062 in
1122 1011 1540 1062 borealioribus
1570 1011 1650 1062 ibi
1679 1011 1862 1076 plagis
1892 1011 2307 1075 sesquicentum
2334 1014 2516 1076 passus

366 1087 614 1135 maiores
651 1085 933 1146 proxime:
974 1080 1185 1143 Quaeso
1216 1087 1407 1131 vtrum
1439 1080 1755 1132 censebitur
1786 1081 2110 1133 credibilius
2143 1082 2194 1133 &
2224 1082 2516 1146 sapientiae

366 1154 624 1212 Naturae,
652 1168 783 1216 quae
809 1152 1027 1215 semper
1051 1165 1153 1214 per
1178 1152 1455 1213 pauciora
1480 1152 1608 1214 agit,
1636 1154 2099 1203 conuenientius:
2130 1167 2208 1203 an
2232 1158 2290 1203 vt
2314 1152 2515 1216 sesqui-

366 1230 595 1275 centum
614 1223 811 1286 passus,
837 1237 914 1272 an
932 1236 1070 1271 vero
1089 1226 1148 1270 vt
1167 1226 1248 1270 tot
1267 1219 1450 1271 millia
1469 1235 1591 1270 non
1609 1221 1882 1283 passuum,
1903 1220 1996 1272 sed
2015 1221 2352 1273 milliarium
2373 1221 2516 1274 Ger-

364 1295 726 1343 manicorum
740 1294 801 1342 in
814 1306 930 1341 vno
944 1290 1192 1340 secundo
1205 1291 1480 1352 temporis
1493 1289 1758 1353 scrupulo
1773 1289 2073 1342 conficiat?
2094 1290 2144 1342 8(
2164 1291 2398 1354 quidem
2416 1291 2516 1343 sub

366 1362 570 1413 eodem
599 1359 802 1412 effectu
828 1359 878 1411 8(
903 1358 1054 1410 fine?
1082 1360 1179 1410 An
1204 1374 1325 1410 non
1350 1358 1408 1410 id
1433 1358 1914 1411 vehementissime
1942 1375 2075 1411 cum
2100 1359 2248 1412 dicta
2274 1361 2517 1413 Naturae

362 1431 652 1495 sapientia,
679 1446 796 1493 qua
814 1429 1034 1493 semper
1052 1431 1329 1493 pauciora
1350 1428 1401 1479 &
1419 1429 1691 1480 breuiora
1710 1429 1878 1494 eligit,
1905 1430 2196 1494 pugnabit,
2220 1430 2261 1481 fi
2282 1431 2517 1482 assumto

362 1500 493 1552 coeli
518 1507 680 1551 motu
705 1515 806 1563 per
832 1502 1096 1550 omnium
1116 1498 1424 1550 Stellarum
1444 1497 1496 1549 8(
1514 1498 1886 1550 Planetarum
1911 1499 2181 1560 diuersOS‚
2207 1500 2515 1552 vehemen-

360 1571 602 1630 tissimos,
612 1575 920 1632 menteque
931 1568 1194 1620 humana
1203 1568 1806 1632 incomprehensibiles
1817 1575 1989 1632 atque
2001 1571 2175 1620 etiam
2185 1572 2515 1621 innumera-

360 1640 502 1691 biles
531 1639 723 1690 cursus
752 1638 976 1690 efficere
1007 1644 1253 1702 cogetur,
1284 1638 1441 1702 quod
1468 1644 1691 1702 poterat
1716 1641 1777 1689 in
1801 1653 1918 1689 vno
1944 1638 2192 1690 facilime
2217 1638 2517 1704 praestare?

359 1710 457 1760 An
482 1724 603 1760 non
629 1708 680 1759 8(
704 1708 831 1768 hoc,
859 1708 1015 1772 quod
1042 1723 1112 1759 ea
1136 1711 1359 1759 ratione
1379 1707 1629 1759 Planetis
1655 1708 1868 1772 duplex
1889 1708 1940 1759 8(
1958 1708 2057 1759 fibi
2075 1709 2176 1772 ipfi
2196 1712 2516 1761 contrarius

359 1780 547 1830 inesset
567 1781 743 1829 centri
762 1776 989 1829 motus?
1015 1777 1221 1829 Nescio
1248 1780 1438 1837 etiam,
1465 1793 1543 1830 an
1564 1777 1684 1830 fixa
1703 1778 1904 1829 Sidera
1923 1781 1985 1829 in
2003 1785 2164 1830 tanta
2182 1785 2375 1830 motus
2392 1794 2516 1843 per-

360 1851 605 1907 nicitate,
634 1855 754 1899 tam
782 1847 1099 1899 constanter
1126 1847 1257 1899 suas
1285 1848 1357 1899 ab
1387 1850 1640 1899 inuicem
1669 1847 1958 1899 distantias
1987 1848 2261 1900 custodire
2288 1850 2514 1912 possent.

361 1918 471 1970 Sed
484 1917 747 1969 sexcenta
761 1917 1105 1969 eiuscemodi
1118 1917 1359 1981 proferri
1372 1918 1600 1981 possent,
1615 1933 1749 1981 quae
1761 1917 1892 1969 satis
1906 1921 2276 1978 conuincunt,
2293 1925 2517 1970 motum

360 1988 634 2039 diurnum
653 1991 712 2038 in
733 1987 896 2038 nullo
917 1987 1033 2039 alio
1054 2002 1292 2050 corpore
1314 2003 1492 2051 quam
1511 1990 1574 2038 in
1592 1994 1744 2039 terra
1764 1987 2146 2051 quaerendum
2166 1989 2283 2039 esse.

429 2057 522 2108 Ad
551 2073 816 2109 annuum
845 2064 1041 2108 autem
1069 2064 1294 2108 motum
1324 2057 1480 2120 quod
1509 2060 1724 2118 attinet,
1758 2072 1858 2108 cur
1889 2057 2034 2108 mihi
2065 2073 2186 2108 non
2214 2058 2516 2110 verisimile

359 2128 636 2187 videatur,
663 2127 916 2191 spacium
936 2142 972 2178 a
992 2127 1124 2179 Sole
1150 2127 1224 2178 ad
1251 2127 1566 2179 Saturnum
1590 2133 1673 2178 tot
1697 2127 1917 2178 vicibus
1943 2130 2223 2179 contineri
2247 2130 2399 2179 intra
2417 2127 2515 2179 Sa-

359 2205 595 2248 turnum
616 2197 667 2248 &
686 2197 996 2248 affixarum
1016 2196 1324 2248 Stellarum
1350 2195 1768 2248 remotionem?
1794 2203 1894 2248 aut
1919 2198 2058 2260 quid
2083 2197 2311 2248 absurdi
2335 2197 2515 2261 sequi-

359 2274 466 2327 tur,
487 2267 527 2317 fi
547 2266 722 2318 Stella
740 2269 920 2318 tertiae
944 2267 1366 2331 Magnitudinis
1386 2273 1579 2330 aequat
1598 2273 1783 2318 totum
1803 2266 2003 2318 orbem
2023 2265 2323 2318 annuum?
2342 2268 2440 2318 An
2458 2267 2516 2318 id

360 2343 460 2388 aut
471 2352 603 2387 cum
613 2336 910 2388 voluntate
922 2337 1124 2388 diuina
1134 2343 1366 2401 pugnat,
1379 2343 1478 2388 aut
1489 2337 1706 2388 diuinae
1718 2337 1961 2388 Naturae
1973 2337 2303 2400 impossibile
2315 2337 2404 2396 est,
2417 2343 2517 2389 aut

360 2406 602 2458 infinitae
622 2407 864 2458 Naturae
884 2422 1006 2458 non
1026 2405 1330 2470 competit?
1356 2407 1505 2458 Haec
1531 2406 1973 2458 demonstranda
1992 2409 2234 2458 omnino
2253 2407 2354 2458 tibi
2372 2406 2514 2466 sunt,

359 2476 399 2527 fi
413 2476 636 2528 absurdi
651 2477 790 2540 quid
802 2476 938 2528 hinc
952 2477 1216 2541 colligere
1230 2476 1499 2528 volueris.
1516 2477 1655 2528 Non
1667 2483 1788 2528 tam
1800 2476 1967 2528 facile
1981 2476 2340 2528 absurditatis
2353 2479 2516 2541 argui

359 2547 592 2609 possunt‚
622 2562 754 2610 quae
782 2546 956 2611 vulgo
984 2546 1228 2598 absurda
1257 2548 1446 2610 prima
1475 2546 1662 2598 fronte
1690 2547 1973 2606 videntur,
2005 2546 2099 2598 sed
2129 2547 2298 2611 longe
2329 2549 2517 2598 maior

360 2616 432 2666 est
469 2616 670 2667 diuina
701 2616 996 2680 Sapientia
1029 2616 1079 2667 8(
1111 2616 1397 2668 Maiestas.
1437 2616 1506 2667 Et
1543 2622 2059 2680 quantumcunque
2098 2619 2272 2668 etiam
2303 2615 2516 2667 Mundi

358 2685 701 2745 Vastitatem‚
724 2685 775 2737 8(
795 2686 1262 2750 Magnitudinem
1287 2686 1586 2747 concedaS,
1613 2685 1838 2737 nullam
1862 2692 2059 2737 tamen
2083 2688 2516 2750 proportionem

358 2756 431 2806 ad
450 2755 743 2807 infinitum
758 2755 1096 2807 Creatorem
1115 2755 1363 2808 habebit.
1385 2756 1520 2819 Quo
1540 2759 1729 2807 maior
1742 2755 1878 2815 Rex,
1900 2771 1970 2807 eo
1989 2758 2180 2807 maius
2198 2755 2249 2807 8(
2266 2755 2516 2819 amplius

357 2825 638 2888 palatium
658 2826 858 2877 decere
878 2832 1040 2889 putat
1058 2826 1221 2877 suam
1242 2826 1618 2877 Maiestatem.
1641 2825 1798 2889 Quid
1818 2825 2089 2889 cogitabis
2110 2825 2180 2877 de
2201 2824 2399 2877 DEO?

428 2895 493 2945 In
519 2898 683 2946 tertio
709 2911 848 2946 vero
873 2902 1040 2947 terrae
1066 2902 1245 2955 motu,
1274 2911 1374 2947 cur
1399 2898 1525 2947 axis
1549 2902 1716 2947 terrae
1740 2910 1862 2946 non
1880 2898 2185 2947 annuatim
2204 2894 2515 2948 reflectere-

358 2971 464 3023 tur,
484 2971 543 3015 vt
563 2965 848 3027 quiescere
868 2965 1250 3017 nihilominus
1270 2964 1606 3029 appareret?
1626 2971 1727 3017 aut
1747 2980 1848 3016 cur
1867 2980 1989 3016 non
2005 2980 2176 3016 axem
2191 2964 2242 3016 8(
2256 2972 2516 3016 centrum

359 3034 571 3097 duplici
592 3034 931 3098 diuersoque
951 3042 1114 3086 motu
1134 3038 1335 3100 agitari
1356 3034 1555 3087 detur?
1582 3035 1642 3087 Si
1666 3042 1819 3086 terra
1837 3033 2086 3098 impacta
2106 3036 2229 3086 esset
2249 3035 2395 3086 duro
2414 3034 2515 3086 ali-

358 3118 475 3166 quo
502 3104 626 3154 orbi
652 3104 703 3155 8(
728 3104 800 3155 ab
828 3119 898 3155 eo
924 3105 1397 3166 circumferretur,
1425 3105 1552 3157 haec
1577 3105 1811 3156 fortassis
1836 3104 2030 3156 locum
2055 3104 2269 3156 habere
2288 3105 2514 3168 possent.

357 3173 434 3224 At
463 3188 596 3224 cum
623 3180 775 3224 terra
798 3173 1086 3225 liberrime
1111 3178 1172 3225 in
1198 3178 1331 3226 aere
1357 3175 1620 3238 pendeat,
1648 3190 1749 3226 cur
1773 3189 1910 3233 non,
1937 3174 1977 3225 fi
2002 3181 2262 3225 centrum
2287 3189 2514 3238 promo-

358 3249 579 3302 ueatur‚
601 3245 725 3293 axis
745 3243 1126 3295 nihilominus
1146 3244 1311 3308 super
1332 3246 1537 3296 eodem
1558 3251 1753 3296 centro
1767 3245 1923 3308 possit
1936 3250 2141 3295 nutare
2156 3259 2242 3303 eo,
2264 3259 2381 3307 quo
2396 3243 2514 3295 Na-

357 3319 486 3363 tura
510 3310 681 3363 velit?
707 3312 988 3364 Centrum
1015 3316 1171 3364 enim
1196 3314 1416 3378 semper
1440 3317 1502 3365 in
1528 3329 1637 3366 axe
1664 3313 1753 3373 est,
1781 3313 1833 3365 8(
1859 3313 1932 3365 est
1958 3313 2116 3377 quafi
2139 3312 2412 3434 Polushyt
2436 3316 2516 3365 ita

2347 3397 2512 3442 icam,

2551 954 2633 997 186

2569 1100 2610 1135 10

2570 1447 2610 1482 1⁵

2565 1796 2610 1830 20

2564 2145 2608 2179 25

2564 2841 2608 2876 35

2563 3189 2609 3224 40
