2748 4204
355 317 456 368 222
701 310 1301 364 EPISTOLARUM
1329 307 2160 361 ASTRONOMICARUM

354 452 523 493 minus
549 461 682 499 eam,
711 459 869 501 quam
887 447 938 488 in
959 446 1174 499 Epistola
1200 445 1371 498 priore
1397 446 1464 487 ad
1485 444 1966 488 ROTHMANNVM
1995 444 2305 487 adduximus
2331 444 2500 487 absur—

355 509 565 550 ditatem
590 507 708 548 hinc
735 505 1076 558 prodeuntem
1096 503 1138 545 is
1158 514 1263 545 non
1283 503 1400 545 satis
1422 503 1677 545 aestimare
1701 503 1923 544 uidetur:
1952 501 2079 543 dum
2105 501 2335 555 spacium
2360 504 2499 556 quod

354 566 422 608 est
447 578 478 607 a
504 565 635 613 Sole,
665 566 786 604 tunc
814 562 998 603 Centro
1025 560 1253 602 Vniuersi
1283 560 1523 603 existente
1549 561 1616 602 ad
1642 560 1921 602 Saturnum
1949 558 2182 612 plurimis
2207 559 2407 603 uicibus
2432 560 2498 603 ab

352 624 453 664 hoc
473 622 629 673 usque
648 621 699 661 ln
713 619 1003 661 Affixarum
1023 618 1402 671 dispositionem
1415 629 1645 660 uacuum
1660 617 1771 668 esse,
1793 618 1833 659 ἃ
1854 616 2115 659 Sideribus
2128 618 2280 671 plane
2295 618 2498 669 orbum,

352 681 591 731 nullaque
620 677 818 719 ratione
847 679 936 717 aut
964 675 1177 718 utilitate
1207 674 1446 725 adducta,
1481 686 1643 728 quare
1672 676 1737 717 fic
1767 674 1864 717 esse
1893 677 2146 728 oporteat,
2179 675 2302 717 nihil
2331 687 2363 718 a
2389 676 2500 718 ueri

353 736 671 778 similitudine
693 735 973 776 abhorrere
993 734 1177 775 censet.
1199 733 1280 775 Sic
1302 744 1508 786 quoque
1529 733 1711 775 Stellas
1730 732 1896 775 tertiae
1913 732 2275 786 magnitudinis
2289 744 2500 787 aequare

350 798 517 837 totum
546 793 727 835 orbem
756 803 1001 841 annuum,
1032 791 1083 832 id
1112 791 1180 833 est
1209 791 1482 844 Sphaeram
1509 790 1655 841 Solis,
1685 790 1809 832 nihil
1838 790 2109 833 admittere
2138 791 2358 842 absurdi,
2388 803 2501 845 pro-

351 851 597 893 nunciare
617 861 720 892 non
739 852 960 899 ueretur‚
982 850 1074 891 Per
1091 849 1414 891 uoluntatem
1436 848 1695 898 Diuinam‚
1723 848 1927 901 eiusque
1946 847 2338 902 possibilitatem,
2366 849 2406 891 δι
2430 849 2496 892 in-

350 909 601 951 finitatem
625 908 755 949 tales
780 907 997 949 uniuerfi
1024 906 1384 959 asymmetrias
1409 906 1672 948 excusans.
1699 906 1765 947 At
1784 906 1907 959 quid
1924 906 2026 948 hoc
2047 906 2116 949 est
2135 906 2335 950 dicere?
2362 907 2500 950 Num

350 968 589 1009 uoluntas
615 965 802 1007 Diuina
832 964 1176 1018 irregulariter
1201 964 1240 1005 81
1266 964 1556 1006 inordinate
1580 964 1781 1016 uspiam
1807 963 1923 1018 agit,
1956 967 2155 1014 contra,
2188 976 2347 1018 quam
2373 965 2501 1008 alias

350 1025 401 1067 in
424 1027 535 1067 toto
562 1023 741 1065 Mundi
765 1023 987 1064 Theatro
1014 1022 1258 1075 apparet?
1284 1021 1383 1063 Vbi
1408 1021 1586 1064 omnia
1610 1021 1738 1064 iusto
1766 1024 2019 1075 tempore,
2048 1022 2289 1065 mensura
2313 1022 2354 1064 ἃ
2379 1033 2502 1076 pon-

350 1083 472 1125 dere
496 1081 826 1134 undiquaque
852 1081 946 1122 rite
972 1078 992 1138 ΙΙ
1019 1080 1254 1133 disposita
1281 1079 1420 1122 sunt?
1446 1079 1581 1121 Nihil
1607 1079 1777 1130 uacui,
1805 1079 1928 1122 nihil
1954 1080 2236 1131 frustranei‚
2264 1080 2386 1123 nihil
2413 1081 2501 1124 fibi

350 1140 573 1182 inuicem
587 1150 691 1181 non
705 1142 848 1181 certa
862 1138 1151 1188 harmonia,
1168 1138 1208 1179 8ι
1221 1137 1557 1191 proportione
1571 1138 1993 1191 correspondens.
2015 1138 2220 1181 Scilicet
2233 1150 2264 1181 a
2278 1138 2501 1181 Saturno

351 1198 418 1240 ad
436 1198 569 1239 fixas
589 1197 770 1239 Stellas
790 1208 894 1239 non
915 1195 1179 1249 quidpiam
1199 1195 1250 1237 in
1269 1195 1386 1237 usus
1405 1195 1785 1238 Terricolarum
1808 1195 2114 1238 destinatum
2140 1196 2500 1248 continebitur,

350 1267 442 1309 per
454 1255 796 1305 interuallum,
818 1254 1087 1307 plusquam
1101 1253 1317 1296 7000000.
1339 1253 1856 1296 semidiametrorum
1869 1254 2058 1305 Terrae,
2074 1254 2240 1297 Stellis
2252 1254 2368 1297 fixis
2383 1266 2500 1308 quae

352 1315 501 1367 longe
530 1312 756 1366 superius
783 1313 935 1355 elatae
964 1312 1089 1362 sunt,
1118 1311 1198 1353 his
1225 1314 1402 1353 tamen
1430 1322 1535 1354 non
1563 1311 1839 1354 minimum
1866 1312 2269 1355 inseruientibus.
2299 1312 2503 1356 Scilicet

353 1371 509 1414 etiam
535 1371 641 1413 fixa
666 1370 829 1412 sidera
853 1370 1100 1412 nonnulla
1123 1372 1292 1412 totum
1313 1369 1508 1412 Orbem
1527 1369 1788 1420 Annuum,
1816 1381 1972 1423 quem
1992 1370 2078 1413 Sol
2104 1370 2341 1413 describit
2364 1370 2500 1426 (siue,

353 1432 407 1470 ut
434 1429 516 1471 ille
543 1430 668 1479 uult,
697 1428 871 1480 Terra)
900 1428 987 1470 sua
1015 1427 1365 1481 magnitudine
1392 1428 1692 1481 aequabunt,
1724 1429 1971 1471 nonnulla
1997 1439 2124 1472 uero
2154 1428 2326 1471 adhuc
2353 1429 2503 1482 longe

353 1487 553 1529 maiora
585 1489 746 1528 erunt.
781 1486 890 1539 Ipse
920 1497 1047 1528 uero
1080 1485 1181 1536 Sol,
1214 1485 1540 1539 praecipuum
1567 1486 1747 1528 Mundi
1778 1497 1969 1540 corpus
2001 1498 2064 1530 ac
2095 1486 2351 1530 luminare
2381 1486 2501 1530 huic

353 1544 622 1598 quantitati
639 1544 727 1586 uix
746 1544 1091 1587 conferendus
1110 1543 1362 1594 uideatur,
1390 1555 1512 1586 cum
1533 1547 1713 1587 tamen
1732 1544 1904 1587 Stellae
1922 1544 1975 1588 in
1995 1544 2119 1587 Coeli
2139 1544 2364 1598 expanso
2385 1555 2504 1588 con-

353 1602 549 1653 stitutae‚
577 1602 864 1652 minimam,
892 1601 1123 1655 respectu
1142 1602 1274 1645 Solis
1292 1601 1344 1644 in
1363 1601 1710 1655 patefactione
1730 1603 2013 1646 Creationis
2033 1603 2214 1645 Mundi
2238 1602 2504 1646 obtineant

351 1660 768 1714 praerogatiuam‚
794 1660 868 1702 uti
893 1660 1050 1702 etiam
1076 1671 1170 1713 per
1196 1660 1244 1702 se
1270 1660 1666 1714 comparatione
1686 1660 1795 1703 eius
1815 1673 1974 1714 quam
1994 1660 2266 1703 minimam
2287 1660 2501 1711 habent;

351 1719 451 1760 Sed
479 1719 619 1771 quali
649 1718 714 1760 ab
741 1718 1066 1761 Authoritate
1094 1718 1261 1769 huius,
1292 1719 1332 1760 81
1360 1718 1768 1772 praeeminentia,
1798 1719 1872 1761 uti
1897 1720 1937 1762 ἃ
1962 1719 2144 1772 reliqui
2170 1720 2392 1762 Planetae
2421 1719 2504 1762 de-

351 1776 622 1830 pendeant.
648 1777 706 1818 Et
726 1776 891 1829 qualis
911 1777 1085 1830 quaeso
1107 1776 1288 1819 Mundi
1306 1776 1511 1820 uifibilis
1531 1777 1847 1830 Symmetria
1867 1778 1933 1820 fic
1952 1777 2192 1831 prodibit,
2214 1777 2250 1819 fi
2270 1777 2502 1820 maxima

350 1846 472 1889 pars
501 1835 757 1877 Creaturis
787 1835 1065 1877 uifibilibus
1093 1835 1329 1878 destituta
1357 1835 1472 1878 erit:
1507 1835 1764 1887 Quaedam
1792 1847 1920 1878 uero
1949 1846 2172 1890 corpora
2200 1835 2424 1878 coelestia
2451 1835 2503 1878 in

351 1893 660 1935 immensum
680 1893 845 1935 ferme
865 1896 1165 1947 augeantur,
1188 1894 1433 1947 quaedam
1453 1905 1581 1937 uero
1600 1897 1715 1936 utut
1733 1905 1826 1948 per
1845 1895 1894 1937 se
1912 1894 2071 1944 uasta,
2093 1905 2216 1936 cum
2234 1893 2314 1936 his
2326 1896 2504 1936 tamen

350 1951 438 1993 uix
463 1951 686 1993 conferri
710 1951 918 2004 possint?
945 1951 1170 1994 Facessat
1188 1951 1277 1994 ista
1299 1952 1662 2006 ageometrica‚
1691 1953 1731 1994 ἃ
1757 1952 2089 2006 asymmetra‚
2110 1951 2504 2005 inordinataque

350 2008 742 2062 philosophandi
772 2010 922 2060 ratio,
953 2022 984 2051 a
1014 2009 1274 2063 sapientia,
1306 2010 1734 2064 prouidentiaque
1764 2010 1950 2053 Diuina
1982 2009 2299 2061 alienissima3
2333 2009 2503 2060 Quam

351 2067 509 2109 etiam
525 2067 627 2120 ipse
642 2067 1101 2110 ROTHMANNVS
1122 2079 1244 2110 cum
1264 2068 1383 2111 esset
1401 2079 1628 2120 mecum,
1648 2068 1862 2111 ulterius
1879 2068 2012 2111 tueri
2031 2079 2137 2111 non
2155 2067 2397 2119 audebat,
2419 2067 2504 2110 sed

350 2137 595 2179 magnam
628 2125 994 2168 absurditatem
1026 2126 1138 2179 pari
1168 2126 1561 2169 incredibilitate
1591 2125 1924 2169 coniunctam
1960 2126 2098 2170 hisce
2130 2125 2335 2177 subesse,
2372 2125 2505 2169 inter

351 2182 723 2226 conferendum
743 2195 849 2226 non
867 2184 1024 2227 inuite
1042 2185 1256 2227 tandem
1279 2184 1554 2228 fatebatur.
1583 2185 1797 2227 Memini
1822 2185 1975 2236 enim,
2002 2185 2167 2239 ipsum
2194 2184 2348 2227 semel
2371 2183 2505 2227 inter

351 2241 451 2283 alia
470 2241 597 2283 mihi
617 2242 803 2293 dixisse,
826 2243 860 2284 fi
878 2243 1195 2296 Copernicea
1210 2243 1479 2297 assumptio
1493 2243 1544 2285 in
1557 2243 1631 2286 rei
1643 2243 1861 2286 ueritate
1876 2243 2146 2293 constaret,
2167 2241 2504 2285 necessarium

350 2299 476 2350 fore,
503 2303 560 2341 ut
582 2301 846 2353 pleraeque
872 2301 1048 2344 affixae
1074 2301 1245 2344 Stellae
1270 2304 1438 2344 totum
1465 2313 1697 2343 annuum
1723 2301 1934 2353 Orbem,
1963 2302 2049 2344 seu
2074 2300 2349 2355 Sphaeram
2373 2299 2504 2343 Solis

352 2358 438 2399 sua
457 2369 583 2400 uera
604 2359 887 2411 quantitate
908 2363 1268 2412 exuperarent,
1290 2362 1571 2413 antequam
1587 2362 1698 2402 tam
1711 2359 2011 2403 inexhausta
2025 2358 2275 2409 distantia,
2297 2359 2504 2412 qualem

346 2415 441 2458 illis
465 2416 743 2459 necessario
764 2417 1100 2460 COPERNICI
1126 2418 1356 2461 attribuit
1380 2418 1723 2469 ratiocinatio,
1751 2429 1886 2469 eam,
1914 2429 2075 2472 quam
2099 2429 2128 2460 e
2152 2416 2319 2460 Terris
2344 2416 2504 2459 cerni-

347 2485 478 2524 mus,
493 2474 742 2517 uifibilem
755 2474 815 2530 ijs
829 2476 1141 2519 concederet
1151 2476 1514 2530 quantitatem:
1531 2476 1992 2527 Quemadmodum
2001 2476 2091 2530 ipfi
2102 2477 2133 2518 a
2145 2486 2231 2518 me
2242 2473 2503 2518 obiecstum

346 2535 470 2574 erat.
492 2533 557 2574 At
575 2532 677 2575 hoc
699 2544 910 2576 omnem
930 2533 1089 2576 fidem
1111 2534 1366 2588 superare,
1387 2535 1698 2588 prorsusque
1719 2534 1999 2577 absurdum
2017 2533 2182 2576 uideri
2194 2544 2299 2576 non
2312 2532 2504 2576 inficia-

345 2590 511 2641 batur,
539 2602 705 2644 neque
730 2603 823 2645 per
848 2592 1281 2646 omnipotentiam
1307 2593 1552 2635 Diuinam
1577 2593 1628 2635 id
1652 2592 1865 2635 ulterius
1891 2592 2138 2636 excusare
2162 2591 2435 2642 nitebatur,
2461 2591 2503 2634 δι

344 2660 590 2702 magnam
611 2660 816 2703 quoque
838 2650 1230 2704 asymmetriam
1251 2662 1316 2693 ex
1331 2651 1411 2693 his
1425 2651 1599 2694 induci
1612 2662 1718 2694 non
1730 2650 2000 2693 illubenter
2014 2649 2335 2692 admittebat.
2358 2649 2502 2691 Mun-

345 2707 441 2748 dus
462 2706 671 2760 quidem
690 2707 879 2759 finitus,
903 2709 1078 2762 quoad
1091 2709 1392 2752 Creatorem
1409 2709 1682 2761 infinitum,
1704 2710 1901 2751 nullam
1914 2709 2074 2751 habet
2086 2707 2499 2762 proportionem:

344 2764 443 2807 Sed
471 2766 644 2818 quoad
671 2766 719 2807 se
744 2766 923 2819 ipsum,
953 2767 1170 2820 suasque
1194 2770 1369 2821 partes
1395 2767 1626 2810 maxime
1651 2767 2053 2821 proportionalis
2078 2765 2254 2809 existit.
2283 2765 2436 2816 Quod
2460 2765 2501 2807 ἃ

343 2822 394 2864 in
420 2823 620 2876 singulis
646 2823 996 2867 animantibus
1020 2825 1341 2868 terrestribus
1368 2826 1442 2881 (ut
1468 2826 1532 2868 de
1559 2825 1670 2880 alijs
1695 2825 1804 2868 eius
1829 2825 2061 2879 partibus
2079 2823 2307 2880 taceam)
2324 2822 2502 2866 uidere

345 2880 426 2922 est.
458 2880 585 2922 Sunt
610 2882 747 2924 enim
774 2882 1008 2925 omnium
1035 2883 1341 2926 animalium
1365 2887 1540 2937 partes
1567 2884 1607 2926 ἃ
1632 2884 1873 2927 membra
1898 2883 1968 2926 ita
1996 2881 2502 2937 proportionabiliter

345 2938 412 2979 ad
431 2939 654 2981 inuicem
676 2940 913 2983 ordinata
933 2941 973 2983 ἃ
993 2941 1244 2995 disposita,
1271 2945 1328 2984 ut
1350 2942 1615 2995 quodlibet
1634 2942 1825 2985 horum
1845 2944 2045 2985 certam
2065 2940 2322 2983 rationem
2342 2939 2410 2982 ad
2427 2942 2503 2982 to-

342 2999 469 3046 tum,
490 3000 602 3039 tum
623 3009 829 3051 quoque
844 2999 911 3040 ad
924 2999 1148 3052 reliquas
1164 3000 1277 3042 suas
1291 3003 1466 3053 partes
1480 3000 1724 3043 obtineat.
1747 2999 2208 3051 Quemadmodum
2220 2998 2271 3040 in
2285 2997 2360 3052 ijs,
2382 3008 2501 3051 quae

344 3065 409 3096 ex
430 3054 660 3097 Humani
679 3056 915 3109 corporis
938 3056 1097 3110 (quod
1118 3058 1574 3101 Microoosmicum
1593 3058 1681 3115 est)
1706 3058 2005 3111 symmetria
2031 3055 2400 3100 demonstrauit
2418 3066 2501 3098 ex-

343 3111 496 3154 imius
520 3112 603 3155 ille
628 3112 793 3166 pictor
817 3114 1126 3166 DVRERVS,
1157 3116 1335 3169 liquet;
1365 3119 1422 3158 ut
1448 3117 1549 3159 alia
1577 3116 1658 3159 his
1683 3116 1976 3160 conformia
2003 3126 2141 3158 nunc
2169 3116 2498 3169 praeteream.

343 3169 542 3213 Tertius
560 3170 643 3213 ille
663 3174 836 3214 motus
855 3184 948 3226 per
968 3173 1211 3216 accidens
1225 3174 1310 3216 axi
1323 3175 1563 3218 Terrenae
1579 3187 1610 3217 a
1624 3173 1982 3217 COPERNICO
1997 3173 2232 3224 intrusus,
2254 3171 2500 3215 dilutione

344 3238 450 3271 non
473 3228 677 3283 indiget,
705 3229 951 3282 siquidem
979 3231 1175 3274 sublato
1195 3232 1381 3275 Annuo
1407 3233 1577 3275 nullus
1602 3233 1674 3283 fit,
1701 3244 1798 3276 nec
1824 3243 1918 3286 per
1937 3232 1986 3275 se
2005 3241 2279 3286 congruus,
2307 3229 2392 3272 sed
2414 3229 2501 3272 ab·

345 3285 556 3328 strusam
571 3286 1062 3341 &incompetentem
1083 3290 1414 3333 Anomaliam
1430 3291 1604 3334 Terrae
1623 3290 1902 3333 insinuans:
1924 3290 2086 3340 Adeo,
2106 3292 2164 3332 ut
2181 3288 2285 3342 ipse
2305 3286 2500 3330 ROTH-

2158 3346 2498 3400 MANNVS

2552 977 2594 1012 10

2536 1086 2616 1129 192

2554 1267 2594 1302 15

2551 1557 2596 1592 20

2551 1848 2596 1882 25

2550 2427 2596 2463 35

2549 2718 2596 2753 40

2548 3009 2594 3043 4⁵

2547 3298 2592 3333 50
