2730 4212
795 327 1491 382 ANNOTATIONES
1518 325 1925 379 EDITORIS
2366 325 2470 377 367

255 471 448 515 haeresi
467 474 525 515 ut
543 473 726 526 putem
746 469 1018 513 immutari
1037 468 1490 513 eccentricitatem
1507 467 1694 522 ipsius«
1718 467 1768 524 (i.
1785 478 1829 510 e.
1847 465 2067 522 Martis).
2088 465 2129 507 T
2129 465 2274 520 ycho
2290 468 2471 508 autem

255 543 498 586 Calendis
519 542 906 586 Decembribus
926 541 1254 595 respondens
1280 540 1421 583 hanc
1442 538 1862 593 inaequalitatem
1883 550 1990 582 non
2010 538 2186 581 solum
2205 538 2259 580 in
2280 537 2469 588 Marte,

255 615 349 658 sed
374 614 535 658 etiam
562 614 617 656 in
642 613 832 657 ceteris
857 612 1081 668 planetis
1107 624 1224 656 sese
1244 611 1504 666 reperisse
1525 610 1665 654 dicit.
1694 611 1753 653 Et
1773 610 1826 652 in
1846 609 2070 664 epistula
2091 609 2160 652 ad
2182 609 2472 663 Keplerum

256 686 498 729 Calendis
524 685 789 740 Aprilibus
816 697 862 728 a.
896 683 1008 727 1598
1038 684 1164 727 data
1193 683 1398 738 longius
1428 682 1591 726 etiam
1620 681 1971 736 progreditur,
2003 692 2128 724 cum
2157 680 2344 723 Martis
2370 680 2473 734 epi-

255 758 470 811 cyclum
490 757 601 814 (aut
621 757 810 801 orbem
823 756 1001 799 Terrae
1022 768 1260 798 annuum
1275 755 1428 810 Juxta
1446 753 1819 809 Copernicum)
1838 755 1995 807 negat
2015 751 2183 795 videri
2207 752 2472 795 »eiusdem

254 840 469 883 semper
494 827 867 883 magnitudinis
890 860 900 870 .
925 860 935 870 .
961 860 971 870 .
995 828 1132 870 adeo
1159 829 1217 869 ut
1243 826 1466 881 angulus
1493 825 1808 868 differentiae
1834 824 1888 867 in
1915 824 2087 867 Marte
2115 824 2184 866 ad
2215 824 2263 866 1⁰
2282 823 2363 866 40⁴
2389 835 2474 866 ex-

255 902 487 943 crescat«
512 899 745 956 (Kepleri
767 898 866 953 Op.
891 899 911 941 I
932 898 1023 956 44).
1054 898 1172 942 Hoc
1199 900 1344 941 recte
1370 897 1746 951 interpretatus
1769 899 1849 939 est
1870 896 2079 950 Kepler‚
2108 907 2234 939 cum
2260 895 2472 951 genium

255 971 353 1014 sibi
373 971 575 1014 dictare
596 970 810 1023 diceret,
832 971 954 1014 inde
971 970 1135 1024 sequi,
1157 972 1215 1012 ut
1229 969 1364 1012 Solis
1378 971 1557 1012 motus
1571 980 1680 1012 non
1694 968 1915 1022 aequalis
1928 971 1987 1010 ut
2001 979 2067 1010 ex
2082 970 2267 1011 centro
2283 967 2473 1011 orbitae

254 1043 414 1094 visus,
442 1043 536 1086 sed
561 1042 682 1085 talis
708 1045 862 1094 esset,
890 1045 947 1085 ut
973 1054 1040 1085 ex
1066 1044 1264 1096 puncto
1292 1040 1527 1095 aequanti
1553 1040 1775 1094 aequalis
1802 1050 1919 1082 esse
1945 1038 2230 1090 videretur,
2259 1039 2395 1082 sicut
2420 1039 2473 1081 in

254 1114 524 1157 Ptolemaei
542 1113 751 1157 theoria
777 1114 1116 1168 planetarum
1140 1112 1244 1169 (De
1265 1111 1507 1155 motibus
1526 1111 1707 1154 stellae
1729 1109 1925 1154 Martis
1946 1122 2063 1165 cap.
2086 1110 2246 1162 XXII,
2278 1109 2377 1164 Op.
2402 1110 2472 1152 111

254 1197 302 1240 p.
322 1185 409 1228 267
423 1185 536 1242 sq.).
561 1185 662 1228 Hic
683 1185 887 1240 primus
906 1185 1004 1227 fuit
1023 1185 1218 1239 gradus
1239 1184 1499 1227 adversus
1520 1195 1706 1226 veram
1728 1182 2102 1237 cognitionem,
2127 1182 2358 1225 Martem
2378 1193 2474 1237 per

254 1256 458 1311 ellipsin
479 1257 700 1300 moveri.

325 1328 395 1371 ad
414 1340 464 1383 p.
485 1328 644 1386 239‚2³]
665 1328 768 1372 vid.
792 1331 971 1372 annot.
995 1327 1065 1371 ad
1083 1339 1132 1382 p.
1155 1326 1313 1379 236‚2⁶.

326 1400 395 1443 ad
414 1412 463 1454 p.
485 1399 643 1457 250‚14]
665 1399 927 1455 Imagines
940 1399 1418 1443 instrumentorum
1428 1397 1697 1452 Tychonis
1708 1397 2046 1442 inveniuntur
2057 1397 2220 1441 etiam
2232 1397 2284 1440 in
2296 1398 2472 1442 libello

254 1471 502 1515 undecim
524 1471 790 1524 foliorum,
814 1472 980 1527 cujus,
1002 1475 1059 1514 ut
1079 1471 1303 1522 videtur,
1325 1482 1493 1513 unum
1513 1471 1689 1513 solum
1710 1470 2019 1524 exemplum
2040 1472 2205 1513 restat
2222 1470 2275 1512 in
2293 1470 2473 1514 biblio-

252 1543 412 1587 theca
433 1543 802 1587 Universitatis
822 1543 1250 1587 Vratislaviensis
1269 1542 1356 1599 (cf.
1380 1542 1430 1585 F.
1449 1542 1501 1585 R.
1519 1542 1661 1593 Friis‚
1690 1541 1840 1596 Tyge
1861 1540 2047 1584 Brahe
2068 1541 2316 1598 [Hauniae
2342 1542 2472 1600 1871]

254 1627 340 1670 pp.
361 1614 450 1657 225
470 1627 547 1669 sq.
570 1618 621 1658 et
640 1614 728 1658 363
748 1614 862 1672 sq.).
892 1615 1062 1671 Hujus
1082 1615 1136 1657 in
1154 1615 1306 1658 titulo
1331 1614 1450 1657 haec
1478 1615 1742 1669 leguntur:
1776 1613 2041 1656 »ICONES
2063 1613 2474 1658 INSTRVMEN-

253 1686 487 1730 TORVM
519 1686 958 1738 QVORVNDAM
989 1685 1462 1729 ASTRONOMIAE
1492 1685 1995 1728 INSTAVRANDAE
2027 1685 2271 1728 GRATIA
2297 1687 2342 1728 A
2367 1686 2474 1728 TY-

256 1757 486 1801 CHONE
526 1758 745 1801 BRAHE
784 1758 977 1802 DANO
1020 1757 1417 1801 DILIGENTIA
1462 1756 1933 1808 IMPENDIOQVE
1979 1756 2472 1800 INAESTIMABILI

255 1829 817 1873 ELABORATORVM.
849 1829 1261 1873 VRANIBVRGI
1292 1829 1364 1872 IN
1395 1828 1647 1872 INSVLA
1674 1827 1977 1872 PORTHMI
2006 1828 2242 1871 DANICI
2270 1828 2474 1872 VENV·

257 1901 412 1952 SIA«;
437 1904 596 1955 atque
616 1901 669 1944 in
689 1901 816 1945 folio
838 1901 1024 1945 ultimo
1045 1901 1164 1945 haec
1186 1901 1385 1956 scripta
1405 1903 1550 1944 sunt:

883 1985 1290 2028 »INSPECTORI
1312 1984 1557 2027 HARVM
1581 1983 1850 2028 ICONVM

1127 2044 1359 2088 TYCHO
1381 2044 1602 2087 BRAHE

1294 2104 1342 2148 S.
1370 2105 1432 2148 D.

329 2188 809 2232 Instrumentorum
830 2188 1189 2232 Astronomiae
1212 2187 1643 2243 redintegrationi
1669 2187 2067 2231 inseruientium
2094 2187 2475 2232 delineationes

256 2259 343 2303 hic
365 2271 634 2314 expressae
656 2260 911 2315 applicari
930 2260 1161 2315 poterint
1180 2259 1258 2315 ijs,
1282 2272 1403 2314 quae
1424 2260 1559 2304 libro
1580 2260 1753 2314 primo
1774 2259 2130 2314 Epistolarum
2147 2260 2475 2304 Astronomi—

258 2342 463 2383 carum,
486 2331 629 2375 circa
650 2332 944 2375 eorundem
965 2331 1361 2375 breuiusculam
1382 2330 1811 2386 descriptionem,
1832 2334 1947 2374 tam
1966 2330 2288 2376 Germanico
2310 2344 2474 2386 quam

259 2402 449 2446 Latino
475 2402 745 2456 idiomate,
774 2416 806 2446 a
832 2415 949 2458 pag.
972 2402 1060 2446 219
1086 2414 1254 2457 vsque
1281 2403 1351 2446 ad
1376 2403 1463 2446 257
1491 2403 2035 2457 comprehenduntur,
2063 2414 2161 2457 pro
2185 2406 2241 2446 vt
2267 2404 2476 2447 numeri

258 2474 471 2529 singulis
499 2474 580 2518 his
610 2475 858 2519 Iconibus
887 2474 1128 2529 superius
1158 2474 1408 2530 assignati
1439 2474 1648 2518 caeteris
1677 2474 1875 2517 ibidem
1905 2475 2346 2529 correspondent;
2382 2476 2476 2518 Ex-

259 2545 425 2600 ceptis
452 2545 661 2590 duobus
686 2546 882 2590 vltimis
909 2545 1135 2601 organis,
1164 2558 1284 2600 quae
1312 2557 1421 2589 non
1446 2546 1532 2590 hic
1556 2545 1650 2589 sed
1670 2546 1723 2588 in
1742 2546 1911 2590 Tomo
1937 2545 2111 2600 primo
2132 2547 2478 2601 Progymnas-

259 2620 466 2660 matum
485 2618 985 2661 Astronomicorum
1013 2621 1372 2672 exponuntur:
1401 2617 1663 2672 siquidem
1691 2629 1880 2661 eorum
1904 2629 2030 2661 vsus
2056 2617 2109 2660 in
2136 2617 2478 2661 obseruanda

260 2700 403 2732 noua
429 2689 597 2741 stella,
624 2690 778 2733 Anno
806 2689 863 2732 72
890 2692 1077 2732 exorta
1102 2688 1188 2746 (de
1210 2702 1315 2743 qua
1335 2689 1462 2733 inibi
1482 2689 1777 2732 luculenter
1797 2688 1984 2746 agitur)
2010 2688 2318 2743 potissimus
2345 2693 2474 2733 erat.

261 2759 399 2811 Quin
428 2762 480 2803 et
509 2760 792 2811 Quadrans
821 2761 904 2804 ille
937 2763 1256 2815 postremus,
1290 2771 1398 2804 non
1426 2760 1479 2803 in
1507 2760 1610 2803 hac
1641 2760 1819 2803 Insula
1849 2760 2039 2803 Daniae
2068 2760 2301 2804 Venusia
2334 2762 2478 2816 apud

261 2831 670 2886 Vraniburgum‚
701 2832 796 2875 sed
825 2831 953 2875 olim
979 2832 1032 2874 in
1057 2831 1317 2886 superiori
1343 2831 1647 2882 Germania,
1675 2843 1842 2886 prope
1868 2832 2162 2887 Augustam
2183 2831 2479 2877 Vindelico-

261 2913 399 2955 rum,
426 2902 480 2945 in
500 2903 860 2947 adolescentia
880 2906 1063 2946 nostra
1084 2906 1356 2947 extructus
1377 2906 1476 2955 est;
1507 2903 1595 2957 qui
1614 2906 1779 2946 tantae
1800 2906 1916 2946 erat
1935 2904 2325 2958 magnitudinis,
2351 2908 2407 2947 vt
2426 2904 2479 2947 in

261 2974 412 3017 radio
433 2985 548 3026 suo,
570 2974 682 3018 siue
697 2987 729 3017 a
744 2978 928 3018 centro
944 2974 1014 3017 ad
1028 2974 1517 3018 circumferentiam
1536 2973 1589 3016 14
1604 2974 1812 3018 cubitos
1831 2975 2144 3029 adaequarit.
2161 2975 2477 3019 Vberiorem

262 3056 391 3088 vero
411 3045 608 3088 horum
629 3046 870 3089 omnium
891 3045 1300 3100 explicationem
1321 3048 1374 3089 et
1392 3057 1565 3097 vsum,
1593 3058 1700 3088 vna
1721 3057 1845 3089 cum
1867 3046 2212 3100 reliquorum,
2242 3059 2364 3101 quae
2390 3047 2478 3090 hic

263 3115 646 3168 desiderantur,
669 3117 1096 3160 conformatione
1118 3120 1169 3160 et
1189 3116 1525 3160 conuenienti
1545 3117 1890 3172 expositione,
1913 3129 2011 3161 suo
2031 3121 2276 3173 tempore
2291 3122 2342 3162 et
2355 3120 2478 3163 loco

262 3187 492 3244 (volente
523 3187 769 3246 Numine)
797 3188 887 3231 vbi
917 3188 1293 3231 Mechanicam
1318 3188 1678 3232 Astronomiae
1707 3192 1933 3244 partem,
1966 3201 2087 3243 quae
2118 3190 2297 3245 magni
2324 3190 2478 3234 nobis

263 3258 511 3311 constitit,
534 3259 803 3302 elucidare
817 3260 1169 3303 commodum
1183 3259 1354 3311 fuerit,
1374 3259 1735 3314 expediemus.
1759 3261 1975 3304 Interim
1990 3260 2077 3304 hae
2091 3261 2338 3316 primitiae
2354 3262 2479 3306 boni

265 3331 655 3374 consulantur«.
669 3330 748 3373 De
761 3330 1009 3374 omnibus
1020 3330 1383 3374 instrumentis
1394 3332 1548 3385 plura
1559 3331 1722 3374 etiam
1736 3331 1841 3387 agit
1850 3332 2035 3386 Tycho
2047 3332 2100 3375 in
2112 3331 2476 3385 Mechanicis‚

263 3401 353 3444 ubi
374 3401 717 3445 conferantur
738 3402 1110 3445 annotationes
1130 3405 1330 3445 nostrae
1349 3402 1588 3459 (tom.V).
1613 3403 1731 3446 Hoc
1750 3404 1924 3447 solum
1940 3404 2025 3447 hic
2042 3416 2341 3455 monemus,
2364 3416 2479 3458 spa-
