2748 4204
1043 324 1291 376 LIBER
1318 325 1642 379 PRIMUS
2409 337 2441 387 7

117 514 200 558 ··3Γ
241 471 432 562 DE
477 469 1176 561 TYCHONE
1231 470 1716 562 BRAHE
1772 474 2189 567 DANO
2232 479 2435 568 AD

236 593 774 656 IOHANNEM
814 593 1342 654 ANTONIVM
1386 594 1860 658 MAGINVM
1903 599 2437 674 PATAVINVM,

301 684 1078 738 MATHEMATICARVM
1106 685 1736 739 DISCIPLINARVM
1764 689 1850 740 IN
1878 690 2374 746 BONONIENSI

816 768 1249 822 GYMNASIO
1277 769 1857 823 PROFESSOREM.

284 909 334 947 M
359 921 361 923 ,
426 909 428 939 ᾖ
538 919 557 935 f
600 875 602 877 ’
692 876 833 927 THI
832 873 1074 929 OPUM
1078 875 1335 942 populis
1348 876 1592 943 placuit
1610 877 1934 944 Sapientia
1957 881 2140 933 Valde

340 953 342 955 ’
426 944 428 1016 ξ
467 960 521 992 e«-
549 896 637 1057 ff
688 945 946 1013 Cepheijj
956 946 1247 1014 generis:
1265 947 1515 1000 Mauris
1536 948 1841 1001 &claruit
1857 950 2059 1013 Atlas

305 1046 315 1075 2
427 988 641 1130 ΗὟᾉΧῙ
682 1015 1090 1099 Astronomus
1113 1019 1287 1071 velut
1306 1017 1603 1085 optimus:
1622 1017 1973 1087 Assiriffque
1992 1022 2420 1076 Prometheus,

283 1145 341 1206 (Ι
427 1083 589 1209 Q
619 1070 639 1237 ἓ
684 1086 2425 1231 ἓεῑξεῗέὲῖῼέἴὲῑέῖεέεῑῑῑζΐῆεὲῑῇοξῑὲῑέξῑὲἕέᾱ,

179 1287 460 1304 ,μ’-ΜΗ
680 1230 1018 1284 Nobilitate
1036 1229 1353 1296 Illustrem‚
1374 1229 1794 1299 Doctrinaque
1821 1234 2295 1288 TYCHONEM.

229 1304 362 1356 Nec
375 1301 616 1370 possunt
634 1301 787 1355 alibi
802 1301 1033 1355 melius
1053 1302 1422 1371 cognoscier
1437 1301 1642 1368 Astra,-

232 1373 384 1428 Sive
405 1388 604 1427 aveas
626 1373 843 1427 varios
861 1375 1062 1426 Lunae
1075 1373 1434 1441 perdiscere
1454 1377 1678 1437 motuS,

231 1445 360 1499 Seu
382 1444 524 1512 quis
542 1445 920 1508 Mercurius,
945 1459 1085 1512 quae
1104 1445 1272 1498 Diva
1299 1445 1606 1513 Gnidique
1625 1446 1963 1514 Paphique,

229 1518 313 1570 Et
331 1516 472 1584 quis
496 1516 798 1579 Cinthius‚
821 1531 897 1569 ac
916 1517 1198 1579 Mavors,
1222 1517 1687 1585 Hominumque
1706 1519 2035 1586 Deumque

140 1606 182 1640 ιε
234 1587 389 1653 Ouis
403 1590 591 1655 pater
609 1588 672 1641 ἄν
685 1589 840 1650 Rex,
864 1588 928 1640 ἄ
934 1586 1151 1654 senior
1169 1588 1310 1655 quis
1329 1588 1609 1642 Falcifer
1624 1589 1684 1642 is
1696 1587 1792 1655 sit:

231 1659 384 1713 Sive
403 1660 644 1712 Domos
665 1659 887 1726 cupias
912 1659 1066 1712 Caeli
1084 1658 1462 1727 cognoscere
1485 1658 1767 1723 cunctas:

233 1730 475 1798 Quique
493 1730 711 1784 Aries:
731 1731 795 1784 <Sc
810 1733 922 1797 qui
944 1732 1212 1784 Taurus:
1232 1734 1362 1784 tum
1374 1730 1490 1798 sub
1511 1735 1701 1799 caput
1716 1730 1892 1785 Arcti

239 1803 318 1855 Vt
341 1801 591 1856 Gemini
599 1799 782 1867 stent:
803 1805 871 1855 ut
887 1801 1205 1855 ferventia
1219 1801 1418 1868 sidera
1444 1803 1687 1856 Cancer

229 1873 495 1926 Efferat:
516 1876 704 1940 utque
723 1875 854 1927 Leo
874 1873 1116 1940 quatiat
1133 1875 1208 1927 de
1228 1889 1490 1941 corpore
1510 1873 1854 1927 flammam:

136 1961 182 1996 20
234 1944 511 2012 Ouaeque
532 1947 705 1998 tenet
713 1943 953 2012 spicam
974 1945 1269 1998 manibus
1287 1943 1589 2010 iustissima
1612 1945 1827 2014 Virgo:

229 2016 438 2083 Atque
456 2014 878 2082 ministrantes
892 2016 1086 2084 parili
1094 2015 1211 2083 sub
1226 2018 1506 2084 pondere
1532 2017 1765 2070 Chelae:

229 2088 312 2140 Et
328 2089 532 2154 Nepa:
552 2087 616 2141 dr
629 2087 1039 2141 Arcitenens:
1059 2088 1123 2141 ἄν
1136 2087 1371 2156 frigida
1393 2088 1495 2141 Vis
1519 2088 1907 2155 Capricorni:

229 2160 363 2212 Nec
381 2174 508 2212 non
521 2157 959 2226 squammiferi
975 2157 1213 2226 Pisces:
1234 2160 1297 2213 dtr
1312 2159 1537 2213 Sidera
1560 2174 1839 2227 quaeque.

230 2231 364 2283 Nec
382 2230 617 2283 norunt
633 2230 744 2283 alii
765 2228 1040 2296 Caelestia
1055 2232 1338 2298 pandere
1357 2233 1515 2284 Fata

136 2318 182 2353 25
231 2299 500 2364 Rectius,
523 2299 830 2369 abstrusas
847 2301 1172 2355 bominum
1191 2301 1538 2369 reserantia
1551 2300 1774 2368 sortes.

233 2372 395 2438 Ouid
414 2373 626 2427 verbis
648 2388 808 2441 opus
828 2371 951 2439 est?
971 2371 1141 2437 docti,
1165 2372 1562 2441 celebresque
1582 2375 1794 2427 Poe’tae

229 2444 565 2498 Materiam
585 2442 878 2510 illustrem
891 2443 1041 2512 sunt
1056 2443 1236 2508 nacti,
1259 2447 1560 2514 clangere
1582 2443 1764 2511 versu

234 2514 368 2580 Oua
388 2531 514 2569 non
537 2516 788 2585 dignior
806 2518 934 2570 ulla
953 2516 1087 2580 fuit,
1110 2532 1231 2571 nec
1251 2515 1466 2583 celsior
1484 2519 1611 2569 ulla
1618 2532 1637 2578 ,·

239 2588 354 2640 Vel
372 2589 432 2640 te
454 2585 598 2652 teste
619 2588 807 2641 etiam
830 2591 1072 2642 tantum
1094 2589 1454 2642 celebrante
1483 2586 1959 2642 TYCHONEM.

135 2674 182 2709 30
233 2657 406 2722 Quos
425 2673 581 2727 ergo
600 2659 827 2727 argilla
846 2659 1031 2713 finxit
1045 2659 1307 2713 meliore
1326 2660 1757 2721 PrometheuS,

233 2729 508 2794 Quorum
529 2730 860 2784 circundat
882 2731 1177 2786 Grinaeus
1199 2733 1481 2798 tempora
1499 2732 1695 2793 lauro,

233 2800 633 2869 Quorumque
654 2803 737 2854 ad
751 2805 972 2855 nutum
995 2802 1274 2855 tribuunt
1290 2801 1717 2855 modulamina
1737 2799 1961 2867 Musae:

229 2873 588 2926 Praeclaras
609 2873 821 2927 dicant
837 2872 1159 2940 resonanti
1181 2873 1472 2927 Carmine
1491 2874 1728 2934 laudeS,

235 2941 671 3011 Caelestemque
691 2944 904 2998 ferant
925 2943 1199 3010 Caelestia
1220 2947 1303 2998 ad
1319 2943 1498 3010 Astra
1528 2943 2005 2998 TYCHONEM.

136 3030 182 3065 35
230 3014 460 3068 Parvis
478 3030 751 3083 namque
770 3016 934 3070 meis
954 3032 1029 3070 ea
1049 3032 1159 3070 res
1178 3018 1351 3070 haud
1369 3015 1611 3069 Viribus
1631 3029 1813 3082 aequa
1834 3013 1928 3080 est,

233 3085 430 3150 Quem
450 3101 640 3156 mage
662 3087 996 3142 verborum
1023 3087 1345 3142 Ciceronis
1366 3102 1518 3141 cura
1538 3086 1783 3154 fatigat.

153 3183 181 3226 ἰ’
1102 3184 1460 3235 ANTONIVS
1487 3182 1930 3242 RICCOBONVS,
1959 3181 2207 3232 ITALVS.
2236 3180 2295 3231 F.

2328 3457 2435 3508 DE
