2748 4204
416 299 503 348 198
757 291 1359 344 EPISTOLARUM
1386 290 2215 342 ASTRONOMICARUM

413 436 528 485 esse.
557 434 703 484 Haec
731 432 780 481 8(
805 430 1006 481 similia
1031 436 1148 479 tute
1174 435 1364 479 tecum
1389 429 1695 492 perpende,
1722 435 1894 491 atque
1914 428 1954 478 fi
1974 427 2215 487 dabitur,
2241 443 2343 491 per
2366 430 2561 479 ocium

412 503 645 553 resolue.
668 501 838 551 Plura
856 499 1093 549 habebis
1114 498 1274 548 alias,
1296 497 1355 548 Si
1374 500 1542 561 igitur
1557 497 1917 560 Copernicea
1933 499 2294 548 ratiocinatio
2307 497 2560 549 constare

412 587 530 622 non
550 572 767 633 poterit,
789 575 846 618 vt
866 568 999 618 sane
1019 582 1139 617 non
1159 566 1349 629 potest,
1376 566 1740 626 Ptolemaica‚
1769 568 1946 630 quam
1967 566 2325 628 Copernicus
2345 566 2426 629 (vt
2444 567 2561 618 alia

410 638 653 699 taceam)
668 638 796 688 satis
810 637 1095 694 refutauit,
1110 635 1256 686 nihil
1269 636 1540 698 impediet
1555 651 1671 698 quo
1685 639 1879 686 minus
1892 635 2081 686 nostra
2093 638 2354 687 inuentio
2367 636 2561 687 locum

410 714 711 759 mereatur.
728 707 981 769 Exponis
996 706 1230 755 demum
1246 706 1458 755 caussas
1473 720 1573 755 cur
1587 704 1838 755 Illustriss.
1855 705 2123 767 Princeps
2136 711 2269 756 tuus
2282 708 2426 756 meis
2440 721 2561 756 non

410 776 771 839 responderit,
799 790 943 837 quas
972 774 1022 824 8(
1047 774 1287 824 libenter
1313 776 1548 836 accipio.
1576 774 1894 825 Scriberem
1919 789 2075 824 nunc
2100 774 2272 837 ipfius
2298 774 2441 826 Cels.
2467 774 2561 826 sed

410 846 554 896 nihil
574 847 830 903 occurrit,
857 850 1063 906 praeter
1090 859 1159 894 ea
1185 858 1317 905 quae
1340 843 1552 893 vltimis
1573 843 1918 907 confignaui.
1947 843 2246 907 Simulque
2264 859 2468 895 vereor
2486 859 2560 895 ne

409 915 578 978 ipfius
608 914 672 965 C.
703 913 1050 976 Reipublicae
1080 912 1566 963 administratione
1598 912 1835 976 alijsque
1866 915 2016 963 curis
2045 919 2385 976 occupatam
2416 916 2561 964 meis

410 987 616 1035 ieiunis
634 983 809 1034 literis
828 982 1135 1033 molestem.
1163 981 1671 1033 FRISCHLINVS
1691 982 1761 1033 de
1782 997 1900 1045 quo
1920 977 1940 1050 ΙΙ
1960 982 2166 1041 scribiS,
2193 982 2308 1033 huc
2327 998 2448 1034 non
2466 998 2559 1034 ve-

409 1056 506 1112 nit,
533 1068 722 1115 neque
747 1052 939 1102 literas
964 1051 1109 1102 vllas
1135 1066 1170 1101 a
1195 1057 1248 1101 te
1274 1050 1435 1110 mifit,
1462 1050 1606 1102 alias
1629 1067 1751 1102 non
1769 1051 2165 1103 inhumaniter
2184 1068 2220 1103 a
2238 1067 2332 1103 me
2354 1055 2559 1116 excipi-

410 1123 607 1173 endus,
637 1123 856 1173 Audiui
886 1124 1042 1171 enim
1066 1123 1257 1171 virum
1287 1121 1387 1171 esse
1413 1123 1592 1171 variae
1621 1120 1934 1172 literaturae
1961 1121 2012 1172 8(
2036 1120 2368 1173 facundum.
2398 1122 2561 1173 Facis

409 1192 636 1255 insuper
660 1193 1015 1242 mentionem
1041 1189 1370 1240 Molendini
1395 1190 1620 1254 Papyro
1647 1190 2022 1242 conficiendae
2047 1192 2258 1250 idonei,
2286 1191 2443 1255 quod
2467 1207 2560 1243 me

410 1259 798 1312 extrueturum
817 1261 1086 1318 indicaui,
1107 1275 1181 1310 ne
1200 1262 1366 1310 toties
1387 1259 1438 1309 8(
1457 1266 1575 1311 tam
1596 1260 1696 1311 diu
1716 1260 1915 1312 charta
1933 1262 2281 1324 impressoria
2298 1276 2403 1324 pro
2417 1263 2561 1312 meis

408 1331 898 1382 lucubrationibus
911 1329 1275 1387 excudendiS,
1288 1344 1318 1379 e
1329 1328 1651 1381 Germania
1662 1330 1959 1382 afferenda
1969 1330 2210 1390 frustrer,
2221 1331 2396 1394 idque
2408 1333 2560 1395 prin-

409 1402 518 1463 cipi
543 1406 642 1450 tuo
670 1400 931 1463 placuisse
957 1402 1058 1458 aiS‚
1089 1398 1245 1461 quod
1270 1398 1437 1449 facile
1463 1400 1651 1451 cred0.
1681 1400 1838 1451 Nam
1865 1400 1917 1450 8(
1942 1403 2004 1451 in
2031 1399 2122 1451 his
2148 1400 2561 1451 confluentiam

407 1470 701 1532 quandam
721 1472 973 1519 inuicem
992 1468 1290 1519 habemus,
1313 1468 1828 1530 Quemadmodum
1845 1472 2001 1520 enim
2013 1469 2185 1533 ipfius
2200 1469 2343 1521 Cels.
2358 1469 2560 1521 Archi-

405 1537 634 1597 tenura,
660 1538 995 1602 AggeribuS,
1025 1538 1210 1598 FossiS,
1239 1537 1711 1601 AquaeductibuS‚
1740 1539 1988 1598 Piscinis,
2021 1539 2224 1590 Hortis
2252 1539 2304 1591 8(
2333 1539 2561 1591 Molen-

405 1609 554 1659 dinis
572 1607 954 1670 fimilibusque
975 1607 1335 1659 Mechanicis
1355 1606 1642 1659 structuris
1662 1608 2033 1660 conficiendis
2059 1607 2386 1665 delectatur,
2412 1609 2484 1660 fic
2510 1609 2561 1660 8(

405 1693 508 1741 ego
534 1693 639 1740 pro
664 1692 796 1728 meo
825 1677 1081 1737 modu10‚
1111 1677 1423 1740 praesertim
1447 1678 1668 1730 AEstiuo
1694 1686 1970 1743 tempore,
2000 1679 2236 1742 quando
2264 1679 2561 1730 altioribus

403 1762 608 1798 vacare
629 1763 750 1798 non
769 1747 912 1807 licet,
939 1747 1182 1810 haecque
1204 1748 1566 1799 commodius
1585 1747 1912 1801 tractantur.
1940 1749 2098 1800 Nam
2119 1748 2170 1799 8(
2189 1748 2290 1800 illa
2311 1748 2560 1800 Geome-

402 1820 607 1868 tricum
628 1817 765 1880 quid
785 1817 1060 1875 redolent,
1081 1817 1121 1867 fi
1139 1818 1318 1868 modo
1338 1817 1529 1869 debita
1548 1818 1893 1883 Symmetria
1913 1818 2273 1870 conficienda
2291 1818 2410 1869 fint.
2431 1818 2561 1869 Mo-

403 1886 704 1938 lendinum
729 1887 871 1938 illud
897 1890 1016 1938 iam
1041 1893 1311 1950 paratum
1337 1887 1426 1947 est,
1453 1903 1656 1953 aggere
1683 1889 1940 1940 altissimo
1965 1888 2340 1952 latissimoque
2359 1887 2561 1939 suffici-

405 1963 595 2008 entem
613 1957 850 2020 Aquam
868 1963 988 2008 tam
1007 1956 1226 2008 AEstiuo
1253 1972 1432 2021 quam
1452 1958 1735 2023 Hyberno
1761 1965 2020 2022 tempore
2047 1957 2366 2018 cohibente,
2394 1958 2561 2009 Rota-

403 2041 515 2089 que
536 2027 606 2077 12.
625 2026 895 2077 vlnarum
914 2029 976 2077 in
995 2027 1298 2078 Diametro
1317 2030 1563 2080 minima
1576 2029 1752 2091 Aqua
1770 2028 2031 2092 impulsa,
2053 2028 2105 2079 8(
2124 2027 2338 2092 duplex
2355 2033 2563 2091 praeter

403 2096 797 2160 Papyraceum
823 2112 970 2159 opus
995 2103 1318 2161 peragente.
1347 2097 1576 2149 Piscinis
1603 2101 1776 2150 etiam
1803 2098 2246 2163 quamplurimis
2272 2096 2562 2149 hincinde

404 2166 605 2217 ordine
620 2166 906 2229 dispofitis,
921 2173 979 2218 vt
991 2167 1228 2230 quando
1239 2168 1450 2218 necesse
1460 2167 1647 2228 fuerit,
1663 2167 1758 2220 hae
1770 2183 2004 2232 quoque
2016 2167 2348 2219 Moletrinae
2359 2167 2563 2231 Aquas

402 2235 761 2299 suppeditare
790 2243 1019 2299 queant.
1054 2236 1319 2300 Haecque
1349 2240 1549 2289 omnia
1576 2245 1710 2289 ante
1742 2253 1960 2301 paucos
1991 2253 2179 2289 annos
2210 2236 2352 2289 ficca
2383 2243 2561 2288 erant.

405 2305 564 2368 Quin
579 2305 629 2355 8(
643 2306 889 2357 alterum
904 2306 1317 2358 Molendinum
1336 2322 1442 2371 pro
1463 2307 1695 2359 Rusticis
1715 2311 1859 2359 meis
1874 2307 1925 2358 8(
1939 2307 2256 2372 opificibuS,
2276 2309 2338 2358 in
2350 2308 2564 2358 vicinia

406 2375 1013 2427 circumhabitantibus
1032 2376 1128 2427 hic
1146 2377 1372 2437 molior,
1393 2378 1489 2429 vbi
1503 2380 1678 2429 etiam
1691 2378 1855 2429 nulla
1866 2392 2016 2442 pene
2029 2378 2205 2441 Aqua
2217 2379 2279 2428 in
2292 2382 2563 2440 promptu

406 2461 562 2496 nunc
579 2451 826 2508 putatur.
849 2446 1006 2497 Nolo
1027 2449 1199 2507 enim,
1218 2453 1278 2498 vt
1298 2447 1393 2512 alij
1413 2446 1765 2500 Chartaceas
1785 2462 1992 2512 operas
2013 2446 2064 2498 8(
2083 2462 2216 2511 quae
2236 2447 2310 2498 ad
2329 2448 2563 2510 propria

405 2530 537 2566 mea
551 2515 854 2567 domestica
867 2519 1167 2580 pertinent,
1179 2517 1514 2581 perlustrent
1525 2524 1697 2582 atque
1709 2517 2160 2582 intempestiuius
2170 2517 2561 2568 interturbent.

407 2584 465 2636 Si
484 2583 810 2636 Victorinus
830 2585 1162 2638 Schonfeldt
1186 2586 1301 2638 huc
1326 2586 1514 2638 filium
1532 2587 1700 2639 suum
1718 2587 1928 2639 miserit
1946 2602 2040 2638 me
2059 2585 2343 2638 inuisendi
2363 2586 2561 2646 caussa‚

407 2669 507 2718 per
525 2670 619 2705 me
639 2654 722 2705 illi
741 2656 798 2706 id
818 2656 968 2707 licet:
994 2656 1446 2721 Quamprimum
1465 2657 1549 2708 illi
1567 2657 1661 2709 vel
1679 2657 1825 2709 mihi
1843 2659 1923 2709 ita
1941 2656 2241 2716 videbitur,
2260 2662 2320 2707 vt
2339 2655 2413 2707 ad
2431 2654 2562 2706 suos

406 2731 635 2784 remeet,
660 2728 884 2788 vtrique
903 2725 1033 2777 satis
1052 2726 1299 2777 liberum
1319 2730 1438 2778 erit.
1465 2728 1564 2778 An
1582 2734 1882 2791 promotus
1901 2726 1963 2778 fit
1983 2729 2044 2778 in
2064 2725 2401 2790 Magistrum
2425 2724 2561 2776 libe-

406 2794 615 2845 ralium
629 2795 859 2846 Artium
873 2811 978 2846 nec
992 2811 1083 2856 ne,
1104 2797 1260 2859 apud
1273 2812 1367 2847 me
1381 2797 1619 2861 perinde
1634 2797 1723 2858 est,
1739 2797 1986 2849 Mallem
1999 2803 2196 2848 tamen
2208 2795 2375 2847 illum
2386 2794 2562 2846 talem

408 2865 524 2923 esse,
558 2880 734 2927 quam
763 2865 1057 2928 appellari.
1092 2866 1202 2917 Sed
1230 2866 1342 2918 hoc
1371 2882 1492 2918 non
1520 2873 1640 2919 tam
1667 2867 1786 2918 leui
1813 2869 1996 2930 pretio
2024 2865 2252 2930 prostat;
2284 2864 2563 2916 sufficeret

407 2932 618 2984 harum
643 2934 981 2997 discipulum
1008 2936 1124 2986 esse.
1152 2936 1262 2987 Sed
1282 2937 1452 2988 video
1471 2940 1553 2988 mi
1574 2936 1940 2988 Rothmanne
1965 2951 2059 2987 me
2082 2938 2143 2986 in
2165 2934 2562 2999 respondendo

406 3005 518 3053 tuis
537 3001 898 3055 stridtioribus
919 3005 969 3055 8(
988 3004 1270 3057 festinanti
1290 3006 1534 3067 calamo,
1559 3009 1640 3058 vti
1666 3013 1919 3071 apparet,
1947 3007 2195 3057 exaratis
2213 3005 2390 3056 literis
2408 3003 2562 3055 fuisse

406 3075 579 3123 nimis
600 3073 908 3136 copiosum,
930 3075 1086 3137 quod
1107 3090 1177 3126 eo
1197 3079 1518 3140 promptius
1538 3077 1753 3137 admifi,
1773 3091 1848 3128 ne
1868 3083 2030 3128 tuam
2048 3077 2398 3139 paucitatem
2418 3068 2561 3137 (tan-

408 3157 586 3205 quam
613 3143 959 3194 retaliationi
987 3147 1235 3195 nimium
1262 3146 1638 3210 indulgendo)
1669 3146 1764 3198 vel
1793 3146 2022 3210 prorsus
2053 3144 2232 3204 nulla,
2264 3143 2358 3195 vel
2388 3145 2563 3195 etiam

405 3211 671 3263 breuiore
697 3212 1060 3276 rescriptione
1085 3214 1272 3266 vlcisci
1296 3216 1444 3267 velle
1463 3216 1704 3268 viderer.
1731 3216 1888 3267 Licet
1913 3218 2069 3267 enim
2095 3230 2200 3279 ego
2226 3213 2278 3265 8(
2301 3212 2562 3277 pluribus

406 3297 578 3341 nunc,
600 3297 777 3345 quam
797 3289 859 3333 tu
879 3282 1007 3334 istas
1026 3283 1320 3336 scribendo
1333 3286 1426 3336 vel
1442 3285 1587 3337 forte
1600 3301 1860 3351 vnquam
1874 3285 2019 3337 alias
2032 3284 2291 3348 implicer
2304 3283 2560 3405 netgotij&

2389 3366 2562 3404 amen

2595 992 2676 1036 168

2614 1069 2654 1103 lo

2614 1417 2654 1451 15

2611 2113 2656 2148 25

2610 2461 2656 2497 30

2610 2812 2656 2847 35

2610 3159 2656 3194 40
