2748 4204
159 1113 199 1147 10

1043 307 1289 361 LIBER
1316 309 1640 364 PRIMUS
2362 320 2442 372 161

242 457 322 510 ibi
352 455 623 508 serenum
655 452 906 505 Caelum.
947 450 1103 503 Cum
1137 450 1396 502 Tomum
1434 451 1603 504 illum
1634 460 1803 506 tuum
1833 455 2153 509 secundum
2185 457 2441 511 Illustriss.

243 528 495 591 Principi
520 523 712 577 nostro
739 521 1117 582 ostenderem,
1143 521 1276 586 plus
1302 522 1486 574 tribus
1511 525 1747 589 integris
1773 525 1935 578 horis
1960 529 2023 579 in
2050 543 2121 580 eo
2142 528 2445 594 diligenter

245 597 582 652 euoluendo
612 599 932 659 occupatus
961 599 1100 652 erat,
1131 592 1517 658 placebatque
1546 594 1720 659 ipsius
1749 596 1815 649 C.
1843 599 2061 650 mirum
2089 602 2152 650 in
2180 600 2442 661 modum,

245 670 393 722 adeo
413 674 474 720 vt
493 669 671 719 etiam
691 664 1007 718 astantibus
1029 679 1167 715 eum
1187 664 1509 728 praedicare
1533 681 1657 717 non
1682 669 2104 722 intermitteret:
2133 672 2443 724 contende-

243 741 458 804 batque
472 738 552 791 ibi
565 752 817 796 mecum,
832 735 932 788 fibi
945 741 1046 787 ate
1061 734 1443 787 transmissum
1458 737 1560 788 esse
1575 736 1790 789 librum
1803 739 1988 800 illum,
2005 756 2111 805 ego
2123 758 2263 794 vero
2276 758 2348 794 ex
2358 745 2443 795 in-

244 812 548 876 scriptione
566 823 769 860 meum
786 807 1123 872 arguebam,
1142 805 1699 872 subiungebamque,
1717 816 1772 860 te
1789 812 2080 875 integrum
2096 812 2242 864 illud
2261 814 2443 878 OpuS,

245 882 285 934 fi
307 881 638 935 absolutum
665 880 807 939 esset,
835 878 910 930 ad
931 877 1188 929 Illustriss.
1210 876 1386 941 ipfius
1408 877 1475 930 C.
1496 879 1810 932 missurum.
1831 881 1979 933 Vide
1999 885 2171 947 igitur
2190 891 2249 935 vt
2268 883 2446 936 fidem

245 968 442 1006 meam
461 952 734 1004 redimas.
757 949 935 1013 Quod
955 948 996 1000 fi
1016 948 1175 1000 idem
1195 951 1373 1000 etiam
1388 948 1464 1000 ad
1478 948 1694 1001 Filium
1708 951 2078 1014 Mauritium,
2100 970 2446 1019 quanquam

246 1040 369 1077 non
393 1026 457 1075 in
482 1023 595 1075 hac
621 1019 902 1080 doctrina,
928 1027 1130 1072 tamen
1153 1022 1216 1070 in
1240 1020 1479 1080 Latinis,
1509 1020 1736 1073 Graecis
1758 1022 1810 1073 &
1830 1023 2141 1076 Hebraicis
2166 1026 2446 1089 praeclare

246 1095 566 1148 institutum
580 1093 633 1145 81
646 1099 859 1158 praeter
871 1091 1131 1144 AEtatem
1152 1091 1470 1151 eruditum;
1493 1091 1756 1157 Itemque
1771 1094 1846 1145 ad
1861 1094 2274 1148 Bernhardum
2288 1097 2445 1149 Prin-

248 1170 437 1232 cipem
450 1164 848 1217 Anhaltinum
866 1162 964 1214 hic
984 1164 1047 1214 in
1062 1162 1223 1214 Aula
1242 1162 1436 1214 nostra
1456 1178 1592 1214 cum
1606 1163 1893 1216 Mauritio
1907 1165 2249 1227 versantem,
2272 1183 2448 1232 quem

247 1252 461 1303 parens
476 1235 814 1288 Ioachimus
828 1233 1099 1286 Ernestus
1113 1232 1444 1285 felicissimae
1458 1234 1880 1287 recordationis
1894 1252 2014 1288 vna
2027 1252 2162 1289 cum
2178 1237 2449 1291 fratribus

247 1324 351 1375 per
365 1307 692 1372 Casparum
708 1304 1166 1358 Godtschalcum
1186 1307 1382 1356 virum
1397 1304 1735 1358 Matheseos
1755 1322 1879 1358 non
1898 1310 2251 1372 imperitum,
2274 1312 2449 1362 etiam

137 1388 217 1433 132
247 1384 310 1433 in
334 1380 427 1432 his
447 1377 689 1430 Artibus
714 1376 929 1429 institui
956 1378 1207 1428 curauit:
1235 1375 1276 1427 fi
1302 1378 1551 1440 inquam
1577 1377 1652 1429 ad
1679 1377 1789 1430 hos
1810 1373 1831 1446 ΙΙ
1852 1394 2091 1443 quoque
2112 1380 2261 1432 duos
2282 1380 2449 1445 Opus

159 1468 199 1502 15

157 1823 202 1858 20

159 2178 203 2213 25

162 2888 207 2923 35

181 3089 209 3132 ‘l'

164 3266 212 3301 40

246 1451 391 1504 illud
416 1457 586 1502 tuum
612 1448 944 1501 absolutum
969 1446 1087 1499 huc
1112 1446 1351 1508 miseriS‚
1378 1463 1504 1499 non
1524 1447 1743 1510 dubito,
1773 1453 1917 1514 quin
1937 1465 2063 1502 rem
2082 1452 2449 1516 gratissimam

247 1522 377 1589 ipsis
403 1521 473 1573 fis
498 1519 773 1579 faeturus,
801 1519 914 1571 hac
941 1534 1044 1571 eos
1070 1520 1298 1570 ratione
1322 1519 1398 1571 ad
1421 1518 1638 1572 harum
1657 1520 2195 1574 iucundissimarum
2214 1523 2448 1574 Artium

248 1608 513 1647 amorem
527 1592 579 1644 &
594 1591 819 1644 cultum
831 1606 939 1655 pro
955 1593 1143 1642 aetatis
1164 1596 1338 1654 captu
1358 1593 1528 1642 tacite
1548 1591 1865 1644 incitand0.
1889 1592 2087 1657 Opera
2100 1592 2202 1645 illa
2217 1593 2447 1646 Mathe-

247 1667 476 1724 matica,
492 1664 564 1716 de
579 1663 792 1728 quibus
805 1661 1201 1727 superioribus
1215 1661 1396 1713 literis
1410 1661 1614 1726 scripsi,
1635 1663 1979 1727 propediem
1993 1663 2199 1716 diuina
2211 1664 2448 1717 fauente

250 1736 559 1788 clementia
574 1734 701 1786 sum
717 1734 996 1793 edituruS,
1017 1733 1115 1785 vbi
1130 1748 1202 1784 ea
1216 1733 1292 1785 ad
1306 1740 1361 1785 te
1376 1733 1776 1786 transmittam.
1799 1734 1912 1786 Sed
1926 1742 2157 1799 tempus
2171 1738 2293 1787 iam
2307 1737 2447 1795 esset‚

248 1815 308 1860 vt
332 1809 508 1859 nimis
533 1805 828 1871 prolixam
853 1805 1010 1857 hanc
1030 1804 1346 1869 Epistolam
1372 1805 1612 1857 tandem
1638 1805 1990 1866 clauderem,
2018 1806 2122 1858 nifi
2146 1806 2295 1858 mihi
2314 1806 2449 1858 Illu-

248 1879 390 1931 striss.
417 1878 692 1942 Princeps
721 1876 910 1929 noster
938 1876 1102 1928 aliud
1130 1878 1194 1927 in
1221 1876 1517 1928 mandatis
1547 1876 1790 1929 dedisset.
1823 1877 1980 1929 Cum
2009 1879 2167 1929 enim
2194 1877 2448 1930 Illustriss.

249 1949 422 2015 ipfius
452 1948 724 2001 Celfitud.
754 1950 818 2000 in
847 1948 1175 2000 elocatione
1205 1947 1371 1999 Filiae
1405 1947 1554 1999 adeo
1588 1947 1651 1999 fit
1683 1955 1984 2012 occupata,
2014 1955 2074 2000 vt
2104 1948 2450 2013 respondere

250 2027 525 2086 nequeat:
551 2019 862 2072 mandauit
887 2018 1053 2079 mihi,
1077 2026 1137 2070 vt
1156 2018 1274 2083 ipse
1295 2018 1371 2070 ad
1392 2034 1479 2078 ea,
1508 2034 1643 2083 quae
1665 2022 1922 2071 continet
1942 2019 2195 2084 Epistola
2219 2027 2338 2081 tua,
2364 2035 2449 2071 re-

249 2092 583 2158 spondeam.
616 2090 842 2143 Verum
872 2090 1024 2142 nihil
1055 2092 1118 2141 in
1151 2105 1223 2142 ea
1254 2092 1502 2154 reperio,
1536 2090 1695 2155 quod
1728 2090 2096 2155 responsione
2130 2090 2451 2143 admodum

251 2163 520 2229 indigeat,
541 2168 645 2215 aut
663 2165 727 2214 in
745 2161 1140 2227 superioribus
1160 2161 1509 2213 Illustrissimi
1522 2161 1698 2226 ipfius
1713 2161 2084 2214 Celfitudinis
2102 2161 2282 2214 literis
2302 2162 2377 2214 ad
2396 2169 2451 2214 te

250 2235 420 2287 missis
438 2250 563 2286 non
581 2233 715 2286 satis
734 2233 1024 2298 superque
1044 2233 1108 2284 fit
1128 2230 1466 2285 deducium:
1488 2240 1884 2298 praeterquam
1904 2233 2063 2297 quod
2083 2236 2147 2284 in
2167 2233 2450 2286 Obserua-

250 2306 507 2359 tionibus
525 2321 629 2370 per
647 2305 944 2357 Venerem
963 2304 1229 2356 institutis
1249 2319 1359 2356 nos
1380 2307 1593 2356 erroris
1613 2319 1857 2369 arguere
1877 2304 2107 2364 videriS,
2128 2306 2452 2368 vitiumque

251 2380 314 2430 in
333 2375 727 2430 Refractiones
748 2375 1029 2428 conferre.
1052 2376 1276 2427 Verum
1297 2372 1694 2427 Refradtiones
1716 2374 1864 2427 mihi
1891 2375 2111 2427 obstare
2138 2391 2261 2427 non
2286 2382 2451 2439 potu-

253 2455 438 2510 erunt,
459 2464 596 2500 cum
610 2447 662 2500 &
675 2463 779 2513 per
792 2446 1118 2499 Azimutha
1133 2446 1587 2499 Obseruationes
1604 2446 1962 2506 instituerim,
1982 2445 2033 2497 &
2050 2446 2170 2510 post
2184 2445 2451 2498 occasum

253 2519 404 2573 Solis
424 2519 689 2572 distantia
702 2519 952 2571 Veneris
966 2520 1003 2570 a
1015 2518 1214 2570 Tertia
1231 2526 1294 2574 V
1311 2534 1379 2570 ac
1400 2517 1531 2583 alijs
1551 2524 1790 2582 accepta
1809 2526 2044 2582 propter
2061 2514 2453 2569 Refrad'tiones

254 2591 424 2656 (quas
443 2597 646 2643 tamen
664 2590 958 2655 separaui)
986 2590 1131 2642 iusto
1151 2592 1349 2641 minor
1370 2589 1679 2641 necessario
1699 2591 1945 2640 inuenta
1964 2587 2158 2648 fuisset‚
2186 2587 2453 2651 adeoque

254 2662 568 2715 Stellarum
592 2661 725 2714 loca
750 2664 813 2714 in
839 2661 1248 2714 antecedentia
1274 2666 1477 2712 contra
1503 2659 1798 2725 fignorum
1823 2659 2093 2711 ordinem
2118 2657 2340 2710 suissent
2367 2673 2452 2709 re-

254 2731 447 2787 113613.
478 2733 592 2786 Sed
620 2733 763 2786 nolo
792 2733 864 2785 de
894 2733 988 2785 his
1016 2732 1189 2797 plura
1217 2747 1405 2797 agere.
1437 2731 1749 2783 Rationem
1775 2732 1935 2782 enim
1962 2728 2454 2782 obseruationum

254 2804 580 2857 nostrarum
605 2804 829 2857 videbis
855 2807 919 2856 in
947 2804 1143 2868 Opere
1172 2803 1365 2854 nostro
1392 2802 1525 2854 Deo
1551 2802 1786 2853 volente
1814 2801 1981 2853 breui
2011 2800 2256 2852 edendo,
2287 2798 2455 2851 Nihil

254 2878 425 2941 igitur
443 2878 565 2928 iam
585 2875 841 2941 amplius
861 2875 1071 2928 restare
1085 2875 1275 2933 video,
1298 2889 1480 2938 quam
1493 2880 1552 2924 vt
1569 2873 1810 2925 tandem
1828 2871 1983 2924 hanc
1998 2871 2312 2935 Epistolam
2326 2869 2453 2922 fini·

255 2962 370 2999 am.
391 2946 766 3012 Quapropter
786 2950 1006 3012 optime
1023 2946 1075 2998 81
1088 2945 1397 2997 felicissime
1414 2944 1563 3004 vale,
1586 2943 1944 2996 Nobilissime
1956 2941 2454 2994 Excellentissime-

256 3033 370 3082 que
398 3017 473 3070 D.
499 3017 799 3080 TYCHO,
831 3017 1099 3082 mihique
1128 3017 1302 3081 longe
1332 3015 1667 3075 charissime,
1699 3014 2135 3078 candoremque
2162 3028 2365 3064 meum
2394 3015 2456 3064 in

257 3092 542 3154 optimam
560 3096 789 3154 partem
808 3092 1024 3154 accipe,
1045 3087 1311 3152 mihique
1332 3088 1776 3152 quamprimum
1794 3084 2053 3137 rescribe.
2075 3084 2294 3136 Iterum
2306 3082 2454 3135 vale.

257 3159 512 3213 Casselh’s
532 3160 605 3212 13.
628 3161 928 3214 Calendas
949 3158 1233 3218 octobriS,
1255 3159 1436 3210 Anno
1456 3157 1654 3210 salutis
1675 3156 1761 3209 M.
1777 3155 1851 3208 D.
1867 3154 2215 3208 LXXXIIX.

1762 3250 1827 3303 T.
1848 3250 1913 3302 T.

1305 3335 1864 3388 CHRISTOPHORVS
1890 3333 2383 3385 ROTHMANNVS.

399 3453 439 3487 2¹
1880 3435 2454 3491 ILLVSTRISSIMO
