2748 4204
381 311 470 362 138
726 302 1328 358 EPISTOLARUM
1354 300 2186 353 ASTRONOMICARUM

379 446 762 499 animaduerti
781 459 818 495 a
836 446 1023 507 primo
1042 444 1105 492 in
1122 440 1438 491 secundum
1453 439 1720 491 Gradum
1733 439 2068 489 Altitudinis
2081 441 2294 491 variari
2307 438 2529 491 Refrac-

379 520 596 568 tionem
614 515 708 565 sex
728 511 1021 575 Scrupulis
1040 512 1255 574 primis,
1277 524 1314 560 a
1331 507 1580 559 secundo
1599 522 1739 558 vero
1758 510 1821 557 in
1839 511 2071 558 tertium
2089 508 2287 560 saltem
2307 515 2529 572 quater-

379 590 484 644 niS,
510 588 571 635 in
595 583 909 634 sublimiori
932 595 1072 631 vero
1098 578 1202 629 fitu
1225 578 1372 628 vltra
1398 577 1480 627 20.
1510 577 1777 628 Gradum
1802 576 2138 628 Altitudinis
2163 580 2406 629 mutatio
2431 576 2531 630 illa

378 658 474 705 vix
500 653 572 704 est
598 652 814 714 dimidij
844 650 1077 706 Minuti‚
1108 648 1159 698 &
1186 647 1316 698 licet
1340 646 1452 697 hoc
1478 660 1580 709 per
1604 660 1850 708 vapores
1873 646 2023 697 solos
2048 662 2169 698 non
2193 649 2529 698 inconueni-

380 729 536 774 enter
562 720 816 772 excusari
841 721 1061 782 poterit,
1091 724 1287 768 tamen
1313 714 1531 778 ahquid
1559 717 1733 765 etiam
1760 729 1831 765 ex
1857 715 2307 779 Diaphanorum
2334 716 2530 768 discre—
2581 734 2600 767 5

378 793 573 855 pantia
594 790 743 841 clam
762 788 860 839 fibi
879 787 1052 838 habet
1072 786 1408 837 admixtum.
1431 784 1605 845 Quod
1625 789 1821 835 autem
1840 799 1962 835 non
1980 785 2155 848 vsque
2175 786 2249 837 ad
2261 788 2532 838 verticem

377 859 701 911 sensibiliter
720 858 927 909 durare
948 861 1281 920 appareant,
1301 868 1404 917 per
1417 853 1869 916 Diaphanorum
1883 854 2183 906 discrimen
2197 856 2414 907 obortae
2429 855 2531 906 Re·

377 928 695 987 fractioneS,
721 930 782 978 in
807 926 977 978 causa
1004 925 1092 985 est,
1120 923 1276 987 quod
1299 938 1421 974 non
1440 923 1759 973 admodum
1778 938 1992 987 magna
2009 924 2072 975 fit
2091 925 2411 976 eorundem
2430 924 2531 975 dis-

379 1000 685 1062 crepantia,
713 998 764 1048 &
788 995 1003 1054 sensim,
1030 997 1110 1045 vti
1138 995 1297 1057 prius
1323 993 1457 1051 dixi,
1487 991 1586 1043 fibi
1610 994 1865 1043 inuicem
1891 993 2272 1055 assimilentur,
2302 995 2450 1061 adeo
2474 1000 2534 1045 vt

376 1069 575 1119 lumen
589 1066 912 1125 Stellarum,
934 1063 1169 1128 quando
1188 1062 1547 1113 sublimiores
1563 1060 1790 1121 fuerint,
1810 1062 1977 1114 facile
1991 1062 2278 1116 irrefradte
2292 1071 2532 1127 vtraque
2586 1080 2626 1114 10

376 1143 675 1202 penetrare
695 1141 884 1199 queat,
911 1133 1187 1197 fiquidem
1206 1139 1343 1182 tunc
1362 1146 1484 1181 non
1503 1131 1652 1182 adeo
1672 1131 1921 1194 oblique,
1944 1132 2038 1184 sed
2058 1132 2216 1196 quafi
2234 1149 2337 1197 per
2356 1134 2530 1185 direc-

376 1214 498 1258 tum
517 1207 717 1258 lumen
736 1205 810 1256 ad
830 1219 937 1255 nos
951 1204 1189 1261 vibrent,
1210 1216 1350 1252 nam
1370 1200 1410 1251 fi
1430 1201 1668 1252 concedi
1686 1202 1861 1264 potest
1881 1201 1938 1252 id
1958 1203 2115 1266 quod
2133 1209 2197 1254 tu
2214 1202 2407 1264 inferS,
2427 1202 2530 1254 Re-

376 1274 680 1327 fractiones
706 1290 826 1325 non
850 1281 970 1324 tam
994 1272 1120 1323 fieri
1146 1270 1220 1322 ob
1245 1285 1492 1334 vapores
1516 1270 1662 1330 istos,
1692 1286 1870 1334 quam
1895 1278 2126 1335 propter
2151 1287 2354 1324 eorum
2381 1275 2530 1324 circa

377 1346 761 1397 Horizontem
779 1342 1334 1406 multiplicationem,
1354 1339 1548 1390 radios
1568 1343 1724 1391 enim
1745 1340 2054 1392 Stellarum
2068 1342 2119 1392 &
2133 1342 2281 1393 Solis
2298 1345 2528 1394 vincere

374 1415 534 1466 illam
561 1415 866 1472 crassitiem,
893 1427 999 1463 nec
1020 1412 1093 1463 ob
1113 1411 1470 1462 identitatem
1489 1408 1941 1472 Diaphanorum
1960 1414 2022 1462 in
2042 1426 2112 1463 ea
2130 1410 2409 1475 puncium
2428 1411 2528 1463 ali·
2582 1430 2622 1463 15

375 1484 529 1548 quod
551 1481 924 1534 Refractionis
945 1485 1006 1532 in
1025 1481 1202 1545 paulo
1222 1479 1538 1531 sublimiori
1557 1479 1662 1530 fitu
1681 1482 1963 1539 inuenire,
1985 1488 2134 1532 certe
2153 1484 2376 1533 ratione
2391 1482 2530 1533 Dia-

373 1553 704 1617 phanorum
722 1552 975 1603 AEtheris
996 1551 1047 1602 &
1066 1552 1235 1601 Aeris
1254 1549 1409 1600 idem
1428 1547 1612 1599 multo
1631 1552 1824 1612 potius
1843 1551 2263 1602 admittendum
2281 1554 2454 1612 venit,
2473 1557 2532 1602 vt

373 1626 434 1674 in
451 1622 766 1674 sublimiori
782 1621 901 1681 situ,
923 1621 1039 1671 fine
1052 1618 1407 1684 perceptibili
1420 1616 1781 1670 Refractione
1796 1619 1987 1671 Steuae
2001 1620 2169 1672 nobis
2182 1621 2529 1672 illucescant:

373 1693 567 1756 Longe
594 1694 750 1742 enim
775 1694 964 1742 maior
988 1690 1083 1741 hic
1110 1690 1183 1741 est
1209 1688 1660 1752 Diaphanorum
1686 1689 1953 1741 identitas
1974 1690 2025 1740 &
2043 1689 2367 1750 fimilitud0,
2395 1693 2532 1754 quia

373 1777 493 1813 non
513 1768 737 1813 tantum
756 1764 904 1811 inter
922 1760 976 1811 se
997 1759 1313 1823 discrepare
1327 1761 1602 1810 conuenit
1614 1758 1857 1810 AEthera
1871 1758 1922 1809 &
1935 1760 2151 1810 Aerem
2164 1759 2530 1824 superiorem,
2581 1776 2626 1811 20

374 1838 656 1895 quantum
676 1832 890 1882 Acrem
910 1845 1123 1895 purum
1143 1829 1195 1881 81
1213 1828 1577 1892 vaporosum.
1605 1827 1779 1890 Quod
1807 1844 1878 1879 ex
1902 1835 2004 1880 tua
2022 1833 2256 1893 propria
2275 1829 2531 1881 Demon-

372 1901 636 1953 stratione
662 1899 869 1952 rectius
894 1902 1255 1964 percipietur,
1281 1897 1595 1962 praesertim
1615 1913 1685 1949 ea
1706 1914 1884 1962 quam
1902 1898 2152 1950 secundo
2171 1901 2338 1950 missis
2357 1899 2532 1950 literis

374 1971 644 2031 addidisti,
673 1986 805 2034 quae
830 1972 1021 2034 priore
1047 1970 1231 2021 multo
1259 1968 1332 2019 est
1358 1969 1819 2027 conuenientior;
1849 1968 1965 2019 illic
1992 1971 2149 2020 enim
2168 1969 2208 2019 fi
2227 1970 2534 2020 assumatur

1387 2052 1458 2088 ex
1477 2036 2076 2090 Demonstrationibus
2093 2038 2348 2090 Alhasen
2368 2038 2420 2090 &
2437 2039 2532 2090 Vi-

1386 2106 1652 2166 tellioniS,
1681 2110 1744 2158 in
1768 2107 1993 2159 summa
2016 2123 2302 2172 vaporum
2328 2108 2532 2160 Eleua-
2582 2125 2627 2159 25

1385 2178 1543 2228 tione
1563 2177 1660 2228 FE
1679 2184 1821 2240 part.
1836 2178 1919 2229 48.
1935 2178 2020 2229 M.
2036 2178 2120 2230 50.
2141 2178 2405 2242 qualium
2425 2178 2533 2229 EA
2582 2182 2609 2224 Ἰ·

1387 2245 1823 2298 Semidiameter
1838 2247 2034 2299 Terrae
2054 2254 2195 2312 part.
2216 2248 2300 2300 60.
2322 2250 2426 2299 erit
2443 2247 2535 2299 his

1387 2315 1613 2367 duobus
1635 2316 1903 2380 AEqualis
1927 2317 2045 2368 XA
2070 2324 2212 2381 part.
2233 2318 2316 2369 60.
2343 2317 2428 2370 M.
2447 2317 2532 2369 48.

1387 2385 1442 2437 S.
1456 2386 1540 2437 50.
1563 2386 1834 2450 Cumque
1847 2387 2059 2451 Angul.
2077 2387 2250 2438 AEX
2269 2387 2332 2438 fit
2350 2385 2535 2440 rectus
2611 2427 2615 2431 .

1388 2455 1439 2506 &
1459 2456 1569 2506 EA
1588 2455 1738 2508 latus
1758 2457 1974 2517 datum,
1994 2459 2263 2521 prouenit
2281 2472 2384 2520 per
2403 2472 2536 2521 ope·
2586 2472 2632 2507 3ο

1386 2527 1674 2577 rationem
1689 2529 2030 2590 trigonicam
2042 2527 2194 2578 latus
2206 2526 2262 2578 X
2271 2527 2316 2578 E
2330 2534 2472 2591 part.
2487 2527 2536 2578 9.

1387 2595 1473 2646 M.
1494 2596 1578 2647 55.
1600 2596 1864 2659 qualium
1889 2591 2201 2663 vi-ssdelicet
2221 2596 2330 2648 EA
2357 2596 2430 2647 est
2452 2596 2535 2648 60.
2572 2604 2656 2646 110

1386 2665 1579 2728 Atque
1622 2672 1785 2718 tanta
1827 2668 1932 2717 erit
1968 2681 2254 2730 vaporum
2294 2665 2538 2718 denfitas

376 2736 535 2785 iuxta
564 2734 965 2794 Horizontem,
1000 2750 1132 2798 quae
1164 2734 1438 2785 milliaria
1464 2734 1820 2787 Germanica
1850 2736 1956 2786 142.
1990 2736 2336 2799 adaequabit,
2369 2742 2539 2799 prout

377 2803 485 2853 EA
511 2804 948 2855 Semidiameter
973 2803 1168 2855 Terrae
1195 2804 1269 2855 est
1295 2805 1616 2856 eorundem
1640 2805 1759 2857 860.
1786 2808 2065 2869 proxime.
2096 2806 2164 2856 In
2192 2805 2374 2856 altero
2398 2820 2538 2857 vero
2587 2821 2632 2855 35

377 2872 693 2937 Triangulo
712 2873 902 2933 AEO,
930 2889 1001 2924 ex
1027 2876 1179 2925 notis
1205 2874 1433 2925 duobus
1457 2874 1732 2926 lateribus
1751 2875 1863 2926 AO
1885 2877 2060 2926 etiam
2079 2882 2221 2939 part.
2243 2874 2326 2926 60.
2348 2875 2433 2926 Μ.
2453 2875 2538 2927 48.

379 2941 431 2993 S.
450 2942 533 2993 50.
556 2942 607 2993 8(
627 2943 751 3001 EA,
772 2950 831 2994 vt
849 2946 1009 3006 prius
1028 2943 1111 2995 60.
1133 2944 1486 3008 Anguloque
1505 2946 1819 3008 intercepto
1841 2945 2012 2996 OEA
2031 2952 2174 3008 part.
2190 2945 2296 2996 120.
2317 2942 2538 2996 3ᾱίεὸἱο

377 3011 639 3062 videlicet
658 3014 805 3076 Ang.
828 3013 999 3064 OEX
1018 3020 1160 3076 part.
1181 3014 1265 3065 30.
1287 3014 1362 3065 ad
1381 3012 1600 3066 rectum
1619 3015 1808 3074 XEA,
1835 3015 2083 3078 prodibit
2108 3017 2284 3066 etiam
2308 3017 2540 3066 tertium

378 3080 527 3132 latus
549 3081 656 3133 OE
676 3088 818 3145 part.
834 3084 869 3132 l.
887 3082 970 3133 M.
986 3083 1069 3134 36.
1085 3082 1219 3142 fere,
1239 3083 1556 3135 vastitatem
1575 3099 1862 3148 vaporum
1881 3087 1943 3135 in
1956 3084 2278 3135 Altitudine
2298 3084 2381 3135 30.
2396 3091 2537 3147 part.

378 3150 732 3210 mensuram,
759 3152 915 3214 quod
934 3151 975 3202 fi
993 3155 1054 3202 in
1074 3152 1346 3204 milliaria
1364 3159 1424 3204 vt
1442 3159 1632 3214 antea,
1653 3153 1922 3206 resolutio
1941 3153 2057 3214 fiat,
2077 3154 2162 3205 23.
2185 3153 2540 3205 Germanica
2588 3169 2633 3203 40

378 3219 682 3282 profilient.
711 3221 870 3272 Patet
897 3223 1092 3284 itaque
1122 3222 1277 3285 quod
1306 3238 1552 3287 vapores
1579 3223 1684 3275 fint
1712 3224 1949 3287 quidem
1975 3223 2251 3287 sexduplo
2276 3225 2539 3286 proxime

380 3289 665 3340 denfiores
691 3292 840 3341 circa
867 3290 1268 3350 Horizontem,
1299 3307 1477 3355 quam
1503 3296 1564 3344 in
1590 3293 1911 3344 Altitudine
1937 3292 2019 3344 30.
2047 3295 2320 3357 partium;
2349 3307 2538 3356 neque

2341 3367 2539 3414 tamen
