2748 4204
120 1120 161 1155 lo

121 1476 161 1511 15

111 1610 160 1654 71

116 1832 161 1867 20

115 2189 160 2223 25

111 2902 156 2938 35

1010 316 1257 368 LIBER
1284 316 1608 369 PRIMUS
2344 321 2412 372 99

209 466 383 516 vnius
403 461 616 527 gradus
635 462 827 512 maior
841 459 1038 519 existit,
1061 475 1196 510 cum
1211 462 1406 524 potius
1422 476 1580 512 nunc
1594 461 1942 512 tantundem
1956 463 2167 520 minor,
2190 464 2413 513 caeteris

208 534 448 602 paribus
468 533 571 584 esse
592 531 841 583 deberet.
865 530 1054 582 Cuius
1074 530 1211 582 sane
1233 532 1376 583 nodi
1396 532 1669 583 resolutio
1691 549 1814 584 non
1834 533 2002 585 facile
2021 534 2201 585 obuia
2216 534 2305 585 est.
2329 534 2411 586 Si-

209 607 447 672 quidem
468 606 530 655 in
551 601 1075 655 obseruationibus
1095 602 1376 654 Veterum
1398 619 1657 654 errorem
1684 605 1946 668 aliquem
1972 605 2151 656 latere
2176 605 2411 657 consen-

208 679 302 731 sus
331 678 602 728 omnium
630 673 938 725 vniformis
968 671 1278 725 difficulter
1307 674 1578 734 admittit;
1608 691 1716 726 nec
1746 679 1808 727 in
1837 683 1958 727 tam
1985 676 2189 727 Illustri
2216 676 2410 735 Stella,

210 765 344 815 quae
366 749 636 799 omnium
656 744 994 796 Affixarum
1014 747 1278 796 maxima
1293 745 1345 796 &
1359 745 1762 810 fulgentissima
1783 748 1872 807 est,
1895 764 1996 799 eos
2017 748 2167 799 adeo
2188 748 2411 800 senfibi-

207 821 337 873 liter
368 818 763 871 hallucinatos
796 817 916 875 esse,
951 816 1225 868 credibile
1257 816 1503 868 videtur.
1539 817 1814 882 Cumque
1848 819 2054 870 nostrae
2088 823 2265 871 etiam
2295 820 2410 871 Ob-

207 893 565 944 seruationes
596 891 660 940 in
690 887 803 940 hac
834 887 956 952 ipsa
985 887 1165 940 Stella
1197 891 1362 939 omni
1395 889 1575 940 dubio
1608 896 1861 950 careant,
1895 907 2018 941 non
2050 891 2181 942 satis
2210 894 2412 942 mirari

207 964 443 1028 possum,
471 959 773 1025 quomodo
800 957 930 1010 haec
950 959 1349 1011 Latitudinem
1375 976 1535 1011 nunc
1561 964 1850 1012 maiorem
1877 978 2058 1025 quam
2085 962 2227 1013 olim
2252 962 2410 1013 exhi-

207 1036 355 1088 beat.
384 1033 597 1097 Neque
619 1033 779 1083 enim
799 1031 1042 1082 concedi
1062 1031 1242 1095 potest
1263 1047 1396 1083 eam
1416 1047 1540 1082 non
1560 1032 1763 1097 ijsdem
1782 1032 2022 1098 legibuS,
2051 1033 2262 1097 quibus
2283 1033 2411 1084 reli-

209 1121 343 1171 quae
359 1103 592 1164 Affixae,
614 1102 937 1155 obnoxiam
958 1104 1079 1163 esse,
1101 1105 1247 1167 quin
1266 1106 1484 1167 pariter
1504 1104 1773 1155 cumillis
1795 1105 2190 1156 Latitudinem
2211 1105 2285 1156 ad
2306 1121 2411 1156 nu-

208 1185 334 1230 tum
355 1175 731 1240 Obliquitatis
758 1173 1054 1238 Eclipticae
1078 1177 1278 1226 variet.
1308 1174 1685 1239 Quapropter
1711 1191 1837 1227 rem
1863 1174 2018 1227 hanc
2043 1178 2204 1227 varie
2230 1179 2411 1227 venti-

208 1248 404 1308 land0,
434 1246 584 1299 nihil
613 1246 775 1298 aliud
805 1245 1056 1297 astruere
1086 1247 1323 1310 possum,
1355 1262 1537 1310 quam
1565 1247 2018 1299 obseruationes
2045 1247 2325 1298 Veterum
2352 1250 2413 1298 in

210 1319 620 1372 Declinatione
640 1317 819 1369 huius
835 1317 1046 1377 Stellae,
1070 1317 1167 1369 etfi
1186 1318 1319 1370 satis
1336 1317 1531 1370 forsan
1544 1318 1695 1370 bene
1710 1318 1934 1370 caelitus
1949 1318 2195 1378 habitaS,
2216 1322 2413 1370 minus

208 1398 408 1444 tamen
427 1388 577 1443 recle
597 1391 741 1441 vitio
760 1389 1239 1454 transcriptorum
1260 1389 1335 1442 ad
1356 1406 1466 1442 nos
1486 1390 1830 1442 transmissas
1852 1391 1969 1441 esse.
1997 1390 2226 1441 Poterat
2246 1390 2411 1454 fiqui-

209 1463 343 1516 dem
363 1465 425 1514 in
446 1461 820 1514 describendo
845 1460 1042 1512 fimilis
1068 1463 1131 1512 in
1158 1461 1393 1525 lingulis
1421 1477 1583 1513 error
1610 1464 1908 1513 committi.
1938 1462 2098 1513 Nam
2125 1461 2284 1525 quod
2310 1478 2411 1513 an·

209 1537 431 1586 notatio
446 1532 795 1585 Latitudinis
814 1534 941 1584 eius
955 1535 1018 1584 in
1032 1532 1238 1585 Abaco
1254 1533 1612 1585 Ptolemaico
1627 1532 2138 1585 Declinationibus
2158 1529 2412 1600 subscri-ss

208 1606 321 1666 bat,
343 1620 556 1670 parum
570 1604 645 1656 ad
659 1620 785 1656 rem
799 1603 951 1656 facit.
973 1604 1278 1668 Siquidem
1292 1604 1440 1656 alias
1454 1605 1817 1657 Latitudines
1832 1604 1948 1656 illic
1963 1606 2268 1669 assignatae‚
2290 1620 2413 1655 non

207 1677 393 1729 solum
407 1692 444 1728 a
458 1675 969 1728 Declinationibus
983 1676 1079 1728 sed
1093 1676 1215 1740 ipso
1231 1678 1410 1728 etiam
1424 1676 1593 1729 Caelo
1609 1676 1880 1736 dissidere,
1902 1676 1943 1727 fi
1963 1692 2066 1740 per
2086 1676 2412 1728 distantiam

208 1748 519 1802 Stellarum
534 1750 597 1799 in
609 1749 891 1799 trutinam
904 1755 1204 1808 vocentur,
1221 1747 1627 1812 saepenumero
1643 1747 2178 1812 deprehenduntur.
2200 1748 2411 1811 Neque

209 1823 367 1872 enim
387 1819 461 1872 ob
482 1819 638 1871 hanc
657 1821 894 1871 vnicam
914 1819 1172 1880 Stellam,
1195 1822 1473 1884 quamuis
1493 1822 1717 1871 caeteris
1737 1820 2163 1884 fulgentiorem,
2185 1821 2255 1883 ijs
2277 1834 2411 1882 quae

207 1895 269 1944 in
297 1897 380 1944 tot
408 1890 538 1956 alijs
567 1889 718 1943 redte
749 1890 805 1942 se
837 1890 1057 1943 habere
1089 1891 1356 1956 pluribus
1389 1891 1758 1943 documentis
1790 1893 2093 1948 euicimuS.
2127 1892 2412 1942 assertioni

207 1962 345 2015 huic
371 1962 443 2015 de
469 1964 796 2014 mutatione
818 1962 1169 2015 Latitudinis
1191 1963 1507 2015 Stellarum
1527 1964 1602 2015 ad
1624 1963 1917 2027 Eclipticae
1940 1965 2231 2014 variatam
2253 1961 2411 2014 Obli-

208 2037 566 2099 quationem‚
578 2033 991 2098 praeiudicium
1002 2034 1245 2099 aliquod
1257 2037 1535 2087 intentari
1546 2034 1741 2099 potest,
1753 2034 2070 2098 praesertim
2083 2049 2218 2085 cum
2230 2033 2413 2085 altera

209 2106 391 2159 Canis
411 2108 658 2157 minoris
677 2105 943 2164 lucidior,
970 2106 1179 2158 nostrae
1205 2106 1476 2170 positioni
1502 2106 1861 2170 suffragetur,
1890 2121 2025 2169 quae
2051 2104 2411 2169 temporibus

207 2177 508 2229 Ptolemaei
533 2177 640 2229 fuit
665 2179 938 2242 proxima
959 2177 1185 2230 Coluro
1207 2178 1608 2238 Solstitiorum,
1636 2177 1960 2241 habuitque
1986 2182 2123 2228 tunc
2146 2192 2218 2227 ex
2237 2175 2411 2240 ipfius

207 2252 469 2301 numeris
484 2248 880 2301 Latitudinem
900 2255 1045 2313 part.
1062 2250 1135 2301 16.
1152 2250 1238 2301 M.
1255 2250 1327 2302 10.
1350 2265 1533 2314 quam
1553 2265 1712 2301 nunc
1734 2249 1953 2301 obtinet
1973 2254 2117 2312 part.
2134 2248 2206 2300 15.
2224 2248 2308 2298 M.
2323 2248 2408 2299 57.

207 2320 282 2372 ob
307 2321 586 2373 accessum
613 2319 908 2385 Eclipticae
937 2323 1248 2381 minorem,
1279 2321 1410 2373 licet
1439 2337 1563 2373 non
1590 2324 1653 2372 in
1677 2327 1924 2379 tantum,
1955 2325 2245 2383 quantum
2275 2334 2346 2370 ea
2374 2334 2410 2370 a

206 2391 457 2455 Tropico
487 2391 753 2444 distantia
782 2395 1040 2457 requirit,
1075 2409 1147 2444 eo
1181 2393 1341 2457 quod
1371 2393 1725 2444 Ptolemaeus
1759 2394 1942 2455 quina
1973 2390 2243 2454 scrupula
2275 2405 2409 2453 quae

207 2463 617 2523 desiderantur,
640 2479 763 2515 non
783 2466 1080 2528 reputarit.
1104 2464 1283 2528 Quod
1304 2471 1504 2516 autem
1520 2464 1693 2528 Spica
1707 2471 1773 2528 m)
1788 2462 2096 2514 Veteribus
2117 2462 2265 2513 duos
2285 2477 2409 2525 gra-

205 2534 313 2586 dus
333 2538 395 2586 in
416 2534 748 2587 Latitudine
770 2535 1032 2587 obtinere
1054 2536 1521 2596 constituebatur,
1550 2535 1789 2599 qualem
1813 2537 1989 2585 etiam
2010 2533 2123 2584 hoc
2143 2533 2301 2583 AEuo
2322 2548 2407 2583 re-

203 2608 388 2658 tinere
420 2608 737 2667 inuenitur,
770 2606 865 2659 vel
896 2607 937 2659 fi
968 2607 1261 2659 summam
1292 2607 1695 2671 praecifionem
1727 2605 2131 2664 adhibeamuS‚
2166 2603 2407 2655 dimidio

203 2677 403 2730 saltem
421 2677 692 2742 scrupulo
712 2681 1023 2739 minorem,
1051 2695 1188 2731 cum
1207 2682 1401 2743 potius
1422 2679 1471 2730 3.
1493 2678 1588 2729 vel
1606 2679 1656 2729 4.
1678 2679 1920 2728 minutis
1940 2678 2229 2727 maiorem
2249 2690 2408 2725 nunc

204 2750 323 2808 esse,
337 2765 408 2801 ex
419 2755 646 2801 mutata
658 2749 1017 2814 Obliquitate
1031 2750 1327 2815 Eclipticae
1341 2752 1619 2809 eueniret,
1632 2748 1977 2812 politionem
1988 2747 2143 2798 hanc
2154 2745 2407 2797 nostram

203 2819 591 2872 nihilominus
610 2819 961 2874 labefactare
982 2825 1201 2886 nequit.
1223 2821 1527 2886 Siquidem
1547 2822 1794 2883 Antiqui
1814 2819 1899 2870 illi
1919 2819 1968 2870 3.
1983 2818 2079 2869 vel
2092 2818 2141 2869 4.
2158 2817 2406 2880 Scrupu-

203 2891 397 2944 lorum
422 2894 713 2944 rationem
738 2908 890 2957 pene
916 2893 1148 2945 nullam
1173 2892 1525 2952 habuerunt,
1554 2892 1715 2943 Nam
1740 2891 1943 2942 saltem
1970 2892 2031 2941 in
2057 2889 2207 2940 senis
2232 2891 2407 2939 vnius

203 2963 416 3028 gradus
439 2963 702 3027 partibus
728 2970 850 3016 tam
871 2965 1292 3030 Longitudines
1317 2979 1498 3028 quam
1519 2963 1881 3014 Latitudines
1902 2960 2231 3019 Stellarum,
2258 2965 2320 3010 vt
2345 2962 2408 3009 in

202 3034 407 3086 Abaco
428 3034 786 3088 Ptolemaico
806 3036 1005 3088 videre
1028 3037 1118 3096 est,
1141 3037 1517 3088 annotarunt.
1543 3033 1856 3085 Accedit&
1876 3031 1989 3084 hoc
2011 3031 2169 3095 quod
2191 3046 2263 3082 ex
2282 3029 2406 3081 vifi-

202 3105 303 3157 bili
317 3106 504 3158 Lunae
525 3122 661 3158 cum
680 3106 794 3159 hac
809 3107 989 3159 Stella
1003 3107 1396 3172 copulatione,
1419 3108 1546 3157 eius
1561 3104 1957 3156 Latitudinem
1970 3119 2090 3154 vna
2104 3117 2240 3154 cum
2255 3102 2405 3152 Lon-

202 3177 460 3241 gitudine
487 3177 800 3242 aliquoties
828 3181 1023 3230 rimati
1052 3179 1174 3238 fint,
1206 3194 1342 3230 cum
1370 3184 1571 3229 tamen
1597 3175 1935 3227 Parallaxes
1961 3175 2226 3226 Lunares
2256 3172 2405 3224 adeo

203 3254 358 3300 certo
383 3264 767 3313 nequaquam
792 3249 907 3301 illis
935 3250 1276 3308 constarent,
1305 3251 1450 3313 quin
1475 3247 1744 3312 pauculis
1766 3245 2066 3309 Scrupulis
2092 3243 2206 3295 hoc
2226 3242 2405 3294 modo

202 3317 587 3372 hallucinatio
612 3321 894 3373 insinuari
920 3322 1095 3385 possit,
1122 3320 1441 3384 praesertim
1463 3335 1598 3370 cum
1619 3317 1945 3384 Hypothefi
1964 3315 2320 3368 Ptolemaica
2343 3316 2405 3364 in

202 3389 373 3442 Luna
382 3390 462 3442 vfi
472 3390 594 3453 lint,
610 3392 777 3444 nulla
789 3395 949 3443 enim
961 3392 1080 3444 alia
1090 3391 1398 3443 Veteribus
1411 3393 1643 3455 cognita
1655 3396 1793 3449 erat,
1810 3386 2404 3510 quaggpstraetetiam

347 3472 411 3508 13*
2071 3472 2212 3508 erua
2237 3469 2403 3506 iones
