2748 4204
980 341 1227 393 LIBER
1254 341 1578 396 PRIMUS
2312 348 2381 401 67

77 497 136 542 39
178 488 422 539 ratione.
456 486 522 538 Id
553 484 713 550 quod
743 483 914 536 facile
946 485 1010 535 in
1039 482 1385 546 Quadrante
1416 484 1716 537 bicubitali
1748 488 1987 537 euenire
2017 481 2038 554 ΙΙ
2067 488 2216 551 posse
2245 489 2382 541 inde

177 557 538 622 colligebam,
554 555 714 620 quod
729 557 906 607 etiam
921 557 984 606 in
998 553 1180 618 duplo
1190 552 1287 605 vel
1296 554 1469 618 triplo
1480 555 1820 617 maioribus,
1832 556 1874 608 fi
1884 572 2008 609 non
2019 555 2381 620 exaclissima,

175 635 298 681 tam
322 631 386 680 in
410 627 779 692 pinnacidijs‚
810 640 993 690 quam
1020 624 1442 689 perpendiculo
1473 626 1822 679 adhibeatur
1851 627 2181 693 applicatio,
2211 629 2382 682 facile

177 699 419 764 dimidij,
445 697 541 750 vel
570 700 749 749 etiam
776 699 983 761 integri
1011 695 1266 760 scrupuli
1296 711 1458 748 error
1484 698 1740 762 obrepat.
1772 698 1899 750 Nec
1925 702 2086 750 enim
2111 699 2381 753 diuifioni

105 788 128 823 ⁵
174 773 373 822 minus
394 775 582 827 certae,
611 774 714 821 aut
733 767 955 820 Centro
977 767 1154 818 deuio
1174 766 1335 818 hunc
1356 783 1617 820 errorem
1635 770 2050 834 imputandum
2070 771 2227 823 duxi.
2255 772 2380 825 Ha-

172 841 385 894 bebam
409 843 608 904 itaque
634 842 697 891 in
723 841 926 891 animo
949 837 1145 890 Tuam
1172 837 1445 890 Celfitud.
1473 854 1578 903 per
1602 839 1801 892 literas
1827 840 1898 892 de
1924 840 2018 893 his
2044 857 2379 895 commone-

173 912 381 973 facere,
402 918 462 964 vt
480 910 871 976 praecifiorem
884 909 980 962 vel
996 908 1490 973 pinnacidiorum,
1511 910 1608 962 vel
1625 911 2044 976 perpendiculi,
2067 919 2169 964 aut
2182 914 2380 966 vtrius-

174 999 289 1048 que
309 982 479 1035 fimul
499 984 1004 1034 examinationem
1024 980 1223 1032 denuo
1243 979 1576 1041 institueret,
1602 997 1721 1046 quo
1744 984 1921 1034 etiam
1941 986 2004 1034 in
2023 983 2380 1037 Declinatio-

173 1055 347 1107 nibus
368 1053 699 1112 Stellarum,
720 1068 845 1104 non
864 1054 1063 1103 minus
1084 1066 1267 1115 quam
1286 1053 1350 1103 in
1370 1051 1664 1118 distantijS‚
1687 1051 1892 1105 exacia
1912 1056 2061 1105 inter
2080 1054 2228 1107 Tuae
2250 1055 2380 1108 Cel-

84 1143 126 1178 10
173 1125 334 1178 fitud.
368 1124 806 1177 obseruationes
845 1123 897 1175 &
933 1138 1099 1175 meas
1137 1125 1556 1175 conuenientia
1589 1123 1948 1176 stabiliretur.
1981 1125 2203 1177 Verum
2240 1127 2382 1179 dum

173 1203 468 1261 oportuna
499 1195 768 1247 mittendi
799 1195 998 1247 literas
1030 1193 1333 1246 occasione
1366 1194 1655 1256 destituor,
1690 1194 1742 1246 &
1775 1198 1927 1247 circa
1958 1196 2381 1250 Nundinarum

173 1266 744 1320 Francofurtensium
777 1273 1062 1330 tempora,
1101 1264 1276 1317 causa
1310 1273 1776 1318 commemorata
1805 1268 1842 1317 a
1868 1267 2168 1320 scribendo
2200 1271 2379 1334 impe-

173 1339 317 1400 dior,
343 1341 562 1404 optime
582 1337 746 1398 mihi,
769 1338 822 1390 &
842 1353 915 1389 ex
933 1343 1073 1389 voto
1094 1336 1317 1397 accidit,
1338 1343 1398 1388 vt
1418 1336 1483 1389 T.
1507 1337 1653 1390 Cels.
1675 1337 2138 1390 Mathematicus
2158 1342 2382 1392 interea

172 1410 456 1470 indicarit,
477 1409 533 1462 se
548 1408 981 1474 deprehendisse
997 1407 1407 1472 Quadrantem
1420 1407 1485 1460 T.
1504 1409 1650 1461 Cels.
1667 1409 1742 1461 ob
1756 1410 2160 1474 perpendiculi
2172 1413 2380 1464 vitium

83 1499 124 1533 15
173 1481 509 1534 altitudines
528 1483 753 1546 priores
774 1480 1065 1533 ostendisse
1078 1495 1199 1531 vno
1219 1479 1490 1543 scrupulo
1507 1480 1724 1545 vbique
1744 1480 1888 1533 iusto
1907 1484 2180 1534 maiores.
2203 1481 2380 1545 Quod

172 1553 213 1605 fi
227 1552 303 1605 est
318 1553 421 1617 (vti
434 1552 668 1618 prorsus
681 1551 830 1604 mihi
843 1549 1191 1616 persuadeo)
1207 1550 1334 1602 Poli
1347 1550 1761 1604 sublimitatem
1774 1568 1894 1604 vno
1913 1555 2091 1604 etiam
2110 1552 2380 1618 scrupulo

171 1627 481 1684 minorem,
501 1623 553 1675 &
568 1623 913 1688 AEquatoris
926 1621 1276 1675 tantundem
1288 1625 1578 1675 maiorem
1591 1626 1908 1687 prouenire
1923 1623 2380 1677 consentaneum

173 1698 295 1756 erit,
315 1702 376 1747 vt
396 1711 468 1748 ea
487 1710 699 1747 reuera
717 1694 781 1747 fit
802 1694 1060 1747 Cassellis
1079 1699 1226 1759 part.
1243 1693 1330 1746 38.
1353 1694 1438 1746 M.
1457 1695 1531 1746 41.
1554 1695 1715 1746 Huic
1736 1697 1935 1759 itaque
1955 1694 1996 1746 fi
2015 1695 2381 1760 applicentur

172 1767 509 1820 altitudines
527 1766 593 1819 T.
616 1766 764 1819 Cels.
784 1765 934 1818 mihi
959 1766 1314 1825 transmissae,
1342 1767 1424 1817 ita
1442 1773 1502 1818 vt
1522 1765 1756 1831 fingulis
1777 1766 1852 1818 ob
1872 1767 2275 1832 perpendiculi
2295 1783 2379 1820 er-

78 1854 124 1889 20
171 1854 368 1890 rorem
393 1841 635 1890 vnicum
661 1838 956 1890 adimatur
980 1836 1336 1901 scrupulum,
1362 1836 1495 1889 satis
1522 1835 1722 1890 exacte
1743 1853 1879 1890 cum
1897 1841 2046 1889 meis
2067 1838 2381 1891 Stellarum

172 1909 661 1962 declinationibus
693 1909 1069 1962 consentient.
1104 1908 1307 1971 Quare
1338 1908 1664 1973 plurimum
1696 1909 1928 1962 laetatus
1958 1909 2102 1971 sum,
2135 1925 2239 1974 per
2266 1909 2380 1962 hoc

170 1983 411 2033 vnicum
424 1980 778 2046 scrupulum,
799 1983 863 2032 in
875 1983 1019 2033 vitio
1033 1980 1438 2045 perpendiculi
1452 1980 1849 2041 emendatum,
1871 1980 2057 2032 alium
2070 1980 2243 2047 longe
2257 1997 2379 2033 ma-

170 2055 360 2105 iorem
379 2052 455 2104 ob
475 2052 647 2113 hanc,
673 2052 807 2104 licet
831 2068 955 2104 non
982 2052 1132 2105 adeo
1152 2067 1450 2117 magnam,
1478 2067 1614 2116 quae
1636 2051 2158 2104 obseruationibus
2178 2052 2381 2105 nostris

170 2124 562 2176 intercedebat
582 2122 990 2184 differentiam,
1012 2126 1216 2175 animo
1236 2138 1374 2175 meo
1387 2122 1779 2175 inhaerentem
1792 2122 2130 2188 scrupulum
2143 2124 2380 2189 ademp-

77 2211 122 2246 25
170 2201 297 2248 tum
327 2196 446 2247 esse.
479 2195 705 2248 Omnes
735 2198 896 2247 enim
924 2194 1182 2248 coelestes
1213 2194 1670 2247 Obseruationes
1699 2194 1775 2247 ad
1805 2193 2072 2248 exac'tam
2101 2196 2379 2255 amussim‚

171 2273 463 2332 quatenus
492 2269 555 2319 in
582 2266 778 2319 sensus
807 2266 1107 2319 humanos
1138 2266 1367 2326 cadant,
1397 2266 1776 2318 instituendas
1807 2266 2029 2326 cense0,
2059 2267 2227 2327 adeo,
2254 2273 2314 2319 vt
2340 2266 2381 2318 fi

170 2338 312 2403 quid
331 2341 395 2390 in
414 2338 507 2390 his
527 2338 880 2391 defideretur
898 2338 994 2391 vel
1013 2337 1327 2398 tantillum,
1349 2353 1456 2403 pro
1477 2340 1652 2390 irritis
1672 2337 1943 2390 habeam.
1960 2338 2035 2389 Vt
2047 2353 2189 2390 vero
2205 2338 2378 2391 Celfi-

168 2409 312 2461 tudo
339 2409 473 2462 Tua
505 2409 883 2462 collationem
910 2410 1250 2462 vlteriorem
1281 2412 1432 2461 inter
1462 2409 1595 2461 suas
1629 2409 1681 2461 &
1712 2425 1877 2461 meas
1909 2408 2378 2470 ObseruationeS,

170 2487 292 2533 tam
312 2496 432 2545 quo
453 2481 529 2534 ad
548 2482 1032 2546 intercapedines,
1054 2496 1237 2545 quam
1257 2496 1377 2545 quo
1398 2480 1473 2533 ad
1494 2480 1830 2533 altitudines
1852 2480 2234 2541 MeridianaS‚
2261 2480 2379 2532 flue

77 2567 124 2602 30
171 2552 308 2604 inde
322 2554 530 2617 petitas
544 2552 989 2605 Declinationes
1002 2552 1297 2605 instituere
1312 2558 1505 2617 queat,
1523 2554 1690 2604 mitto
1705 2551 1852 2604 Tuae
1868 2551 2139 2604 Celfitud.
2155 2551 2380 2615 aliquot

171 2622 502 2684 Stellarum,
522 2630 651 2676 tum
665 2623 937 2685 aliarum,
952 2631 1079 2677 tum
1092 2623 1413 2689 praesertim
1426 2623 1825 2689 infigniorum‚
1841 2638 1976 2687 quae
1989 2625 2154 2675 iuxta
2167 2622 2377 2675 Zodia-

172 2710 308 2747 cum
333 2694 462 2747 sunt
488 2695 801 2756 distantiaS‚
827 2698 976 2748 meis
996 2695 1372 2749 Sextantibus
1392 2695 1716 2760 Trigonicis
1745 2694 1840 2759 (fic
1867 2697 2028 2746 enim
2054 2709 2155 2746 eos
2182 2693 2378 2759 appel-

170 2765 294 2818 lare
313 2766 504 2830 libuit)
527 2766 778 2820 fideliter
797 2767 1148 2833 explorataS,
1171 2766 1223 2819 81
1242 2774 1529 2832 praeterea
1547 2766 1926 2819 sublimitates
1946 2765 2229 2830 quasdam
2249 2765 2377 2818 Me-

171 2837 432 2890 ridianas
454 2837 898 2901 Quadrantibus
921 2839 1178 2900 diuerHS‚
1204 2841 1464 2891 inuicem
1483 2845 1684 2890 tamen
1704 2836 2195 2889 consentientibus
2214 2837 2377 2889 inda-

76 2923 122 2958 35
170 2915 350 2974 gatas‚
374 2909 552 2974 idque
572 2916 699 2962 tum
719 2912 873 2963 circa
891 2910 1076 2963 finem
1095 2911 1261 2962 Anni
1280 2910 1365 2963 84.
1388 2908 1756 2961 &labentem
1775 2909 1860 2961 85.
1882 2915 2008 2960 tum
2029 2910 2206 2960 etiam
2227 2911 2380 2960 circa

171 2982 395 3032 exitum
424 2983 692 3045 proxime
723 2981 900 3047 elapfi
927 2982 1014 3035 86.
1046 2981 1099 3034 &
1126 2984 1386 3047 primum
1418 2982 1653 3032 initium
1683 2979 1863 3032 huius
1891 2982 2174 3031 currentis
2203 2979 2288 3032 87.
2319 2986 2379 3031 vt

170 3050 302 3103 Tua
321 3051 618 3105 Celfitudo
645 3068 717 3105 eo
745 3054 1089 3117 expeditius,
1117 3053 1193 3106 ad
1220 3052 1414 3105 debita
1438 3059 1707 3116 tempora
1731 3051 1864 3103 suas
1887 3050 2223 3103 altitudines
2244 3066 2379 3102 cum

170 3125 318 3174 meis
347 3122 612 3176 conferre
640 3125 815 3189 possit.
846 3124 1152 3190 Siquidem
1178 3124 1231 3176 &
1256 3123 1349 3175 his
1374 3122 1506 3187 ipfis
1532 3123 1725 3174 Annis
1753 3122 1875 3187 post
1904 3122 2101 3174 denuo
2131 3122 2378 3173 redinte-

170 3200 334 3258 grata
359 3194 761 3256 Instrumenta,
787 3195 983 3248 Tuam
1007 3195 1426 3249 Celfitudinem
1452 3192 1807 3247 exactiorem
1833 3193 2210 3246 altitudinum
2237 3193 2378 3245 Stel-

76 3278 123 3314 40
170 3264 366 3317 13111111
385 3265 810 3319 dimensionem
829 3269 1059 3328 notasse,
1081 3267 1422 3319 nullatenus
1437 3266 1714 3318 dubitem.
1737 3265 1924 3317 Nouit
1939 3267 2099 3317 enim
2113 3267 2378 3329 apprime

170 3334 303 3388 Tua
323 3336 618 3392 Celsitudo
639 3338 1084 3391 Declinationes
1104 3337 1435 3397 Stenarum,
1458 3336 1510 3388 &
1530 3337 1605 3389 ob
1626 3337 1685 3388 id
1706 3338 1884 3388 etiam
1904 3336 2229 3388 earundem
2252 3335 2377 3387 alti-

170 3407 420 3469 tudineS,
441 3412 760 3473 quotannis
780 3409 1221 3475 aliquantulum
1233 3411 1481 3470 variare,
1503 3408 1681 3473 idque
1697 3407 2016 3473 praesertim
2028 3409 2091 3459 in
2103 3409 2176 3472 ijs
2189 3406 2378 3529 fidjeri·

314 3489 359 3524 9⁶
2289 3493 2375 3537 US,
