2730 4212
359 325 461 375 346
883 318 1562 371 ANNOTATIONES
1588 319 1986 370 EDITORIS

358 460 645 512 appellatur
675 456 946 498 »Zwehrer
971 455 1154 504 Thor«,
1185 454 1390 496 turrim¹
1423 455 1491 496 ad
1519 454 1911 497 observationes
1939 454 2291 506 instituendas,
2325 459 2507 509 postea

356 539 481 570 vero
507 527 558 569 in
583 529 728 580 parte
755 524 1019 577 superiore
1043 523 1161 574 viae,
1193 535 1311 576 quae
1340 535 1476 566 nunc
1503 527 1725 566 vocatur
1753 524 2256 575 »Bellevuestrasse«,
2287 527 2507 568 alteram

356 595 714 639 exaedificavit.
746 594 868 635 Inde
898 593 963 635 ab
995 605 1040 634 a.
1076 592 1180 634 1561
1214 594 1355 635 solus
1384 593 1683 636 observavit
1710 604 1874 645 usque
1903 592 1970 633 ad
2000 604 2045 634 a.
2081 592 2206 644 1567,
2238 605 2340 647 quo
2370 607 2507 638 anno

355 669 500 719 patre
519 667 725 706 mortuo
739 674 851 704 rem
865 661 1129 715 publicam
1144 662 1432 715 gubernare
1446 662 1618 716 coepit,
1642 664 1959 715 quapropter
1973 663 2309 706 astronomiae
2324 675 2508 707 curam

354 736 657 788 perpetuam
672 732 927 773 dimittere
942 734 1159 773 coactus
1173 734 1263 772 est.
1284 731 1580 784 Apparente
1594 743 1720 774 vero
1735 742 1874 773 nova
1887 731 2036 773 stella
2050 742 2266 785 operam
2281 744 2508 788 resump-

353 804 430 853 sit,
453 803 598 856 cujus
618 802 682 843 de
703 800 1151 843 observationibus
1172 800 1237 842 ab
1258 800 1344 843 illo
1364 801 1603 843 institutis
1624 800 1723 854 egit
1740 800 1920 853 Tycho
1939 801 2083 855 (tom.
2106 801 2175 842 111
2196 814 2244 855 p.
2267 802 2346 844 113
2361 803 2505 858 sqq.).

352 875 532 914 Postea
558 872 689 913 duos
716 870 977 924 adjutores
1003 869 1298 922 assumpsit,
1327 881 1551 923 quorum
1577 873 1794 922 uterque
1819 869 1870 911 in
1895 869 2112 912 historia
2133 871 2385 915 doctrinae
2406 874 2509 915 lau—

353 943 474 984 dem
493 941 742 994 insignem
762 939 963 982 meruit.
992 939 1148 989 Alter,
1171 938 1572 992 Christophorus
1593 939 1901 990 Rothmann‚
1926 943 2079 982 natus
2099 944 2211 983 erat
2230 941 2508 996 Bernburgi

352 1012 492 1053 circa
513 1023 558 1053 a.
585 1009 709 1052 1550.
739 1010 855 1052 Non
875 1008 1000 1050 satis
1020 1011 1240 1058 constat,
1269 1009 1479 1061 quando
1500 1009 1830 1063 Landgravio
1851 1009 2192 1052 ministerium
2212 1010 2388 1054 facere
2408 1023 2508 1054 coe-

352 1081 500 1134 perit;
530 1091 593 1122 ex
618 1079 677 1121 iis
697 1082 890 1128 tamen,
919 1090 1038 1131 quae
1058 1078 1181 1120 dicit
1199 1090 1247 1131 p.
1269 1079 1394 1128 57,⁴1,
1423 1081 1542 1120 ante
1562 1090 1631 1121 m.
1656 1078 2012 1121 Novembrem
2033 1091 2078 1121 a.
2105 1079 2215 1121 1584
2234 1082 2402 1123 nullas
2422 1082 2508 1124 ob-

351 1150 669 1192 servationes
695 1148 929 1190 Cassellis
957 1148 1234 1189 instituisse
1262 1147 1503 1190 videtur2.
1533 1149 1877 1201 Posteaquam
1908 1160 1953 1190 a.
1986 1148 2097 1191 1590
2123 1149 2365 1192 Hvenam
2394 1163 2509 1204 pro-

350 1220 516 1262 fectus
544 1222 636 1269 est,
666 1221 722 1260 ut
748 1217 1052 1270 Tychonem
1080 1217 1338 1268 inviseret,
1371 1221 1584 1271 propter
1611 1218 1808 1259 malam
1836 1218 2188 1261 valetudinem
2218 1232 2507 1274 numquam

351 1290 603 1331 Cassellas
623 1287 833 1330 revertit
852 1298 1019 1340 neque
1040 1287 1263 1340 amplius
1284 1287 1621 1329 astronomiae
1635 1298 1691 1329 se
1705 1287 1865 1338 dedit;
1889 1300 1934 1330 a.
1955 1287 2064 1330 1605
2079 1288 2359 1344 Bernburgi
2374 1302 2508 1333 mor—

349 1363 467 1401 tuus
487 1370 600 1400 esse
619 1358 835 1400 videtur.
864 1357 993 1398 Cum
1016 1356 1125 1410 ipse
1145 1356 1269 1398 nihil
1289 1357 1494 1410 publice
1514 1357 1746 1407 ediderIt,
1773 1360 1824 1400 et
1843 1369 1908 1400 ex
1929 1358 2379 1402 observationibus
2399 1360 2508 1414 ejus

349 1428 679 1482 paucissimae
703 1430 907 1469 tantum
933 1426 1086 1469 editae
1112 1426 1249 1477 sint³‚
1282 1438 1346 1468 ex
1372 1427 1495 1469 solis
1521 1427 1764 1480 epistulis,
1793 1439 1923 1480 quas
1947 1427 2181 1481 Tychoni
2208 1429 2362 1480 dedit,
2390 1430 2510 1472 doc-

348 1498 497 1540 trinae
523 1497 730 1539 laudem
758 1496 975 1549 adeptus
1002 1499 1098 1546 est;
1127 1496 1245 1539 inde
1272 1496 1456 1538 melius
1483 1496 1621 1538 hunc
1643 1508 1804 1549 quam
1825 1509 2145 1551 quemquam
2167 1499 2327 1542 alium
2349 1502 2509 1542 astro-

348 1579 581 1617 nomum,
609 1569 827 1619 excepto
854 1567 966 1608 solo
986 1565 1024 1606 T
1025 1565 1249 1619 ychone‚
1279 1578 1397 1619 quae
1418 1566 1550 1608 illius
1570 1566 1739 1608 aetatis
1760 1568 2098 1610 astronomiae
2118 1568 2372 1620 deessent,
2399 1580 2509 1622 per·

349 1637 577 1691 spexisse
598 1639 827 1689 apparet.
854 1635 981 1677 Fieri
999 1638 1178 1677 tamen
1197 1638 1382 1689 potest,
1403 1639 1460 1677 ut
1480 1636 1727 1689 quaedam
1747 1647 1947 1687 eorum,
1969 1649 2088 1690 quae
2108 1641 2250 1680 recte
2269 1649 2509 1692 perspex-

349 1711 474 1757 erat,
505 1706 648 1748 socio
678 1706 802 1760 eJus,
831 1705 944 1747 viro
976 1705 1170 1758 optime
1201 1706 1387 1748 merito
1412 1705 1560 1756 Justo
1590 1706 1805 1760 Buergio
1833 1706 2032 1763 (Burgi),
2066 1707 2236 1761 potius
2264 1708 2509 1761 imputari

347 1778 583 1819 debeant.
607 1775 771 1817 Natus
790 1775 874 1817 hic
895 1778 1007 1816 erat
1027 1775 1407 1829 Lichtensteigii
1428 1775 1787 1818 Helvetiorum
1808 1777 1856 1819 d.
1872 1776 1929 1818 28
1944 1788 2012 1819 m.
2029 1777 2292 1820 Februarii
2313 1790 2359 1820 a.
2380 1778 2505 1820 1552.

347 1848 475 1888 Cum
508 1849 675 1887 artem
707 1844 967 1886 didicisset
997 1844 1268 1899 horologia
1300 1844 1540 1896 faciendi,
1577 1857 1622 1887 a.
1662 1845 1772 1887 1579
1805 1846 2134 1901 Landgravio
2167 1847 2507 1890 ministerium

347 1917 520 1959 facere
547 1914 719 1968 coepit,
747 1914 973 1967 primum
999 1918 1055 1956 ut
1081 1914 1351 1968 horologia
1379 1914 1425 1957 ei
1452 1915 1735 1958 conficeret
1761 1919 1810 1958 et
1834 1916 2048 1959 omnino
2068 1927 2150 1959 res
2172 1917 2508 1960 mechanicas

345 1989 608 2035 tractaret,
630 1987 811 2038 postea
826 1995 952 2026 vero
966 1984 1052 2035 ita,
1074 1988 1129 2026 ut
1143 1984 1302 2026 etiam
1318 1985 1384 2026 ad
1400 1985 1792 2028 observationes
1806 1985 2144 2029 instituendas
2159 1987 2506 2030 adhiberetur.

347 2055 582 2098 Cassellis
605 2054 795 2095 mansit
817 2065 981 2106 usque
1002 2054 1068 2095 ad
1090 2066 1136 2096 a.
1163 2053 1288 2105 1603,
1316 2065 1439 2096 cum
1459 2056 1678 2108 Pragam
1703 2067 1759 2097 se
1785 2056 2015 2107 contulit,
2043 2060 2099 2099 ut
2125 2057 2263 2110 apud
2289 2057 2509 2110 impera-

345 2130 513 2168 torem
539 2123 691 2166 simili
717 2124 1000 2166 ministerio
1027 2123 1339 2178 fungeretur.
1373 2124 1471 2167 Hic
1500 2125 1782 2178 Keplerum
1809 2126 2067 2180 cognovit,
2098 2126 2185 2179 qui
2213 2137 2355 2180 saepe
2385 2138 2506 2168 eum

347 2195 623 2238 collaudat.
646 2194 827 2235 Postea
848 2194 1101 2235 Cassellas
1121 2194 1347 2245 revertit,
1368 2194 1456 2237 ubi
1471 2195 1518 2236 d.
1534 2195 1586 2236 31
1606 2207 1674 2237 m.
1687 2194 1714 2245 J
1719 2195 1920 2237 anuarii
1935 2207 1980 2238 a.
2001 2195 2112 2238 1632
2125 2198 2351 2238 mortem
2366 2195 2505 2239 obiit.

347 2266 522 2308 Homo
537 2267 648 2306 erat
661 2263 950 2305 litterarum
965 2264 1118 2317 plane
1132 2263 1289 2314 rudis,
1312 2267 1362 2306 et
1383 2264 1471 2317 qui
1485 2264 1668 2307 Latine
1688 2265 1930 2316 nesciret;
1953 2268 2006 2307 at
2024 2265 2076 2307 in
2097 2266 2293 2308 artibus
2312 2266 2509 2308 mathe-

346 2335 549 2377 maticis
572 2333 751 2387 insigni
770 2333 971 2386 ingenio
992 2333 1243 2386 praeditus
1263 2337 1390 2384 erat,
1419 2346 1580 2387 quare
1600 2335 1754 2377 valde
1780 2335 2063 2378 dolendum
2088 2338 2181 2386 est,
2210 2336 2350 2389 quod
2375 2335 2507 2378 illius

346 2403 615 2454 sermonis,
638 2414 741 2456 quo
762 2414 865 2445 uno
885 2406 1008 2445 tunc
1029 2404 1309 2446 utebantur
1327 2403 1423 2445 viri
1443 2404 1598 2454 docti,
1620 2404 1828 2458 ignarus
1849 2408 1980 2456 erat;
2004 2416 2107 2458 quo
2123 2405 2322 2447 factum
2336 2408 2428 2456 est,
2450 2408 2506 2447 ut

344 2486 422 2524 ea,
454 2485 572 2527 quae
598 2473 881 2523 invenerat,
912 2472 1103 2526 publici
1122 2473 1250 2527 Juris
1276 2472 1452 2516 facere
1477 2484 1582 2516 non
1608 2477 1800 2528 posset,
1831 2477 1987 2528 atque
2016 2475 2133 2517 haec
2160 2475 2317 2518 etiam
2343 2485 2504 2517 causa

415 2569 426 2592 1
456 2566 594 2610 Hujus
619 2569 769 2602 tectum
795 2567 1018 2601 rotundum
1046 2566 1168 2601 annis
1202 2568 1267 2602 150
1292 2570 1383 2611 post
1407 2567 1576 2612 scriptor
1597 2567 1766 2612 quidam
1787 2568 2054 2604 circumvolvi
2074 2569 2258 2612 potuisse
2278 2571 2424 2608 narrat,
2450 2567 2505 2603 ita

344 2629 386 2661 ut
412 2636 578 2661 omnem
605 2625 694 2660 eaeli
721 2628 874 2668 partem
901 2625 1119 2660 observare
1144 2625 1292 2660 liceret.
1321 2628 1372 2660 At
1397 2636 1491 2661 cum
1519 2636 1665 2661 omnes
1691 2625 1879 2669 ejusdem
1905 2627 1982 2662 aevi
2009 2627 2224 2671 scriptores
2252 2626 2503 2661 mentionem

343 2687 501 2719 tanturn
527 2683 678 2719 faciant
703 2693 858 2722 eorum,
884 2694 977 2727 quae
998 2686 1197 2718 vocantur
1219 2684 1452 2724 »Altanen«,
1478 2684 1621 2728 Tycho
1647 2683 1805 2728 primus
1826 2684 1868 2719 in
1890 2685 2053 2720 duabus
2075 2684 2331 2729 Stellaeburgi
2352 2684 2502 2729 cryptis

342 2742 482 2777 litteris
504 2743 532 2776 F
551 2744 588 2776 et
609 2741 646 2775 D
673 2740 834 2780 notatis,
860 2751 954 2785 quae
980 2751 1014 2775 a.
1045 2742 1132 2776 1584
1158 2744 1195 2776 et
1224 2742 1312 2776 1585
1338 2741 1600 2777 exaedificatae
1626 2745 1734 2783 sunt,
1758 2742 1884 2782 tectis,
1911 2754 2005 2788 quae
2030 2742 2298 2779 circumvolvi
2324 2745 2503 2787 possent,

343 2811 445 2835 usus
466 2810 556 2834 esse
576 2799 733 2834 videtur
754 2798 849 2840 (vid.
871 2798 997 2841 hujus
1017 2799 1117 2834 tomi
1137 2811 1174 2843 p.
1195 2800 1292 2840 2⁵⁹3
1312 2803 1350 2835 et
1368 2801 1430 2842 27).

411 2859 427 2882 ²
452 2857 517 2891 Ait
538 2857 770 2891 Rothmann
791 2856 833 2890 in
855 2856 1226 2892 »Observationum
1247 2860 1462 2893 ste11arum
1483 2859 1662 2893 fixarum
1683 2860 1787 2894 libro
1803 2860 1973 2904 primo«,
1997 2858 2068 2903 qui
2089 2869 2318 2903 numquam
2338 2858 2503 2902 publice

344 2915 477 2950 editus
503 2918 561 2949 est
588 2914 683 2955 (vid.
705 2917 841 2949 autem
863 2915 963 2949 Rud.
984 2916 1105 2955 Wolf,
1129 2917 1478 2951 Astronomische
1498 2918 1817 2962 Mittheilungen
1838 2917 1941 2951 XLV
1961 2928 1997 2961 p.
2022 2918 2115 2959 134),
2141 2917 2316 2952 missum
2343 2927 2386 2951 se
2411 2926 2502 2951 esse

344 2973 551 3008 Cassellas
578 2973 628 3007 ab
653 2971 869 3016 Joachimo
899 2973 1067 3008 Ernesto
1093 2973 1278 3017 principe
1303 2974 1555 3014 Anhaldino‚
1584 2978 1627 3010 ut
1657 2975 1928 3010 instrumenta
1957 2974 2014 3009 ibi
2042 2978 2248 3010 asservata
2275 2974 2502 3018 inspiceret,

344 3042 438 3066 cum
455 3029 701 3074 Landgravii
722 3041 876 3065 munus
897 3031 1107 3075 acciperet.
1130 3031 1250 3066 Diem
1271 3031 1439 3076 quidem
1461 3042 1546 3067 non
1567 3032 1731 3073 indicat,
1752 3033 1826 3068 sed
1845 3044 1940 3068 cum
1961 3043 2006 3067 ex
2020 3033 2142 3068 rebus
2158 3032 2311 3067 ibidem
2325 3032 2502 3068 tractatis

343 3093 434 3133 post
460 3089 563 3123 illud
588 3091 749 3131 tempus
776 3088 928 3123 iactum
954 3100 1046 3124 esse
1070 3089 1267 3129 videatur,
1293 3100 1376 3134 quo
1399 3090 1633 3126 Wittichius
1660 3091 1869 3126 Cassellas
1895 3090 2005 3131 adiit,
2031 3090 2183 3135 optime
2209 3090 2352 3126 incidit
2379 3090 2422 3125 in
2449 3101 2489 3125 m

346 3147 620 3182 Novembrem
642 3157 675 3180 a.
700 3147 798 3180 1584.

411 3205 427 3229 ³
455 3205 516 3239 De
542 3214 665 3247 opera
692 3203 782 3246 ejus
803 3215 850 3239 ac
870 3204 920 3238 de
941 3205 1218 3240 observatorio
1238 3206 1482 3240 Cassellano
1502 3206 1655 3250 optime
1674 3206 1755 3251 egit
1776 3206 1874 3241 Rud.
1896 3206 2016 3246 Wolf,
2038 3207 2389 3242 Astronomische
2408 3206 2500 3241 Mit-

344 3263 583 3306 theiIungen
600 3262 701 3296 XLV
717 3262 1158 3306 (Vierteijahrsschrift
1176 3265 1209 3297 d.
1231 3265 1502 3298 natutt'orsch.
1520 3263 1615 3299 Ges.
1631 3266 1673 3299 in
1688 3265 1837 3299 zurich
1862 3265 1979 3306 1878),
1998 3264 2113 3299 libris
2134 3275 2236 3299 usus
2252 3263 2501 3299 Rothmanni

343 3331 470 3355 manu
492 3321 650 3365 scriptis
671 3319 868 3353 Cassellis
889 3320 1117 3355 asservatis.
