2730 4212
824 311 1519 365 ANNOTATIONES
1547 311 1952 364 EDITORIS
2394 311 2498 363 363

284 465 481 497 nomen
507 465 689 496 meum
717 453 902 504 omifit,
929 463 1044 495 rem
1071 451 1200 494 mihi
1224 455 1527 506 pergratam
1547 452 1686 495 fecit.
1716 452 1768 494 Si
1787 451 1882 494 tibi
1901 451 2181 502 uidebitur,
2210 450 2408 505 poteris
2430 450 2497 493 ab

283 525 392 579 ipso
418 524 738 579 hypotheses
762 526 882 567 tuas
907 523 1194 566 uindicare.
1222 523 1324 565 Vix
1351 523 1569 566 credere
1599 526 1766 578 potes,
1799 523 2072 577 quomodo
2100 525 2152 566 et
2176 526 2228 565 te
2255 526 2307 565 et
2332 535 2420 566 me
2447 526 2499 565 et

284 595 534 639 miserum
554 596 702 638 illum
722 596 1068 639 Ptolemaeum
1088 594 1443 648 miserumque
1459 594 1812 649 Copernicum
1833 598 1885 637 et
1905 606 2093 637 omnes
2115 592 2300 638 doctos
2321 594 2499 637 conui-

281 666 366 710 tiis
391 670 630 721 peterent
656 667 986 722 stupidosque
1013 668 1065 709 et
1090 665 1216 708 nihil
1242 665 1587 720 intelligentes
1615 666 1786 709 asinos
1813 666 2142 721 appellarent
2162 665 2234 708 illi
2253 665 2499 709 homines

283 739 411 781 duo:
443 738 580 781 solos
610 738 660 781 se
690 737 874 781 mundi
902 737 1102 780 lumina
1132 735 1410 780 iactantes:
1444 736 1580 780 adeo
1610 736 1827 780 homine
1857 736 2101 780 illiterato
2129 740 2181 780 et
2206 737 2297 779 uix
2322 737 2498 791 prima

282 809 426 852 initia
446 809 761 864 intelligente
774 809 902 851 nihil
916 808 1204 863 quicquam
1219 808 1290 851 est
1303 807 1702 851 intollerabilius
1717 811 1810 851 aut
1822 807 2068 851 iniustius.
2092 808 2195 851 Sed
2210 808 2329 851 haec
2345 808 2498 851 nobis

282 880 398 923 sunt
415 892 513 935 pro
535 880 697 924 nihilo
718 880 966 924 habenda
981 883 1031 923 et
1047 880 1455 923 contemnenda.
1477 879 1747 934 Perscripfi
1761 882 1946 922 tamen
1959 879 2063 922 hac
2079 879 2145 922 de
2159 891 2216 923 re
2232 879 2498 934 superiore

283 952 460 995 Mense
476 952 620 995 Maio
642 952 711 994 ad
731 951 966 995 amicum
986 963 1168 995 meum
1191 951 1504 1006 singularem
1524 950 1702 993 uirum
1721 951 1774 993 in
1796 962 2115 1005 quocunque
2134 949 2497 994 doctrinarum

281 1034 471 1078 genere
492 1026 543 1066 et
563 1022 1047 1066 excellentissimum
1071 1026 1123 1066 et
1145 1022 1547 1066 uersatissimum
1572 1022 1635 1065 D.
1659 1023 1916 1065 Ioannem
1938 1022 2065 1074 Dee,
2093 1022 2290 1077 ipsique
2318 1023 2498 1078 fignifi-

281 1094 416 1146 caui,
439 1095 585 1149 quod
604 1106 713 1138 non
735 1094 901 1137 solum
920 1106 1042 1137 mea
1058 1094 1475 1149 Horologiopaeo
1490 1093 1735 1137 illiterato
1751 1097 1802 1136 et
1815 1093 1997 1137 idiotae
2011 1093 2266 1146 tribuerit,
2289 1106 2498 1137 uerum-

281 1166 442 1210 etiam
462 1166 555 1209 tibi
576 1165 799 1220 systema
819 1166 946 1209 illud
964 1166 1149 1208 mundi
1163 1165 1487 1220 surripuerit:
1510 1165 1620 1208 iam
1637 1165 1800 1209 astute
1816 1164 2098 1209 doctorum
2114 1166 2343 1220 aucupia
2358 1178 2498 1220 quae-

280 1250 418 1290 rens,
441 1249 574 1292 quos
593 1240 777 1280 tamen
797 1240 955 1280 antea
965 1236 1249 1281 Vatiniano
1264 1238 1477 1292 prorsus
1493 1237 1616 1281 odio
1632 1248 1758 1280 cum
1772 1236 2173 1291 horologiopaeo
2189 1237 2498 1291 prosecutus

281 1309 416 1352 esset.
439 1308 626 1352 Omnis
639 1308 959 1363 Aristippum
974 1308 1151 1352 decuit
1170 1310 1321 1353 color
1340 1312 1391 1352 et
1412 1309 1571 1353 status
1592 1312 1644 1352 et
1663 1320 1763 1352 res.
1787 1308 1975 1363 Scripsi
1990 1309 2154 1351 etiam
2168 1320 2292 1352 eum
2307 1320 2497 1352 reuera

278 1382 442 1424 talem
469 1380 583 1432 esse‚
612 1381 826 1434 qualem
848 1380 898 1423 se
918 1380 971 1423 in
989 1380 1307 1435 praefatione
1328 1381 1608 1436 descripfit.
1637 1381 1740 1424 Sed
1766 1381 1891 1424 nolo
1913 1392 2038 1424 cum
2059 1380 2151 1424 isto
2179 1380 2413 1432 homine,
2441 1383 2498 1423 ut

280 1452 402 1504 dixi,
433 1463 548 1495 rem
578 1451 794 1503 habere,
826 1463 923 1495 nec
954 1452 1140 1507 dignus
1170 1452 1256 1504 est,
1287 1455 1345 1495 ut
1374 1464 1573 1496 nomen
1602 1452 1758 1507 ipsius
1785 1452 1987 1507 scriptis
2013 1452 2199 1496 nostris
2226 1452 2498 1495 inseratur.

280 1524 452 1567 Facile
477 1523 732 1566 uidebunt
755 1521 911 1575 docti,
940 1535 1007 1566 ex
1026 1526 1078 1567 te
1099 1535 1223 1567 eum
1243 1524 1371 1567 illud
1393 1524 1618 1579 systema
1638 1524 1855 1576 habere,
1884 1524 2138 1578 siquidem
2159 1524 2265 1578 ipse
2284 1524 2497 1576 fatetur,

281 1596 330 1639 se
350 1594 648 1639 docstrinam
667 1594 1071 1649 Triangulorum
1091 1607 1158 1639 ex
1180 1595 1597 1651 Horologiopaeo
1624 1595 1801 1639 nostro
1822 1595 2065 1639 didicisse.
2096 1595 2383 1647 Quomodo
2413 1609 2501 1639 au-

277 1670 386 1711 tem
403 1668 507 1710 fine
522 1665 762 1710 doctrina
775 1665 1178 1722 Triangulorum
1194 1668 1260 1711 de
1276 1668 1554 1723 systemate
1571 1668 1662 1711 illo
1677 1670 1729 1710 et
1743 1668 1808 1710 de
1825 1667 2158 1711 ordinatione
2174 1667 2498 1711 circulorum

279 1738 566 1782 caelestium
596 1738 767 1792 deque
796 1749 985 1781 eorum
1016 1739 1309 1793 quantitate
1340 1740 1630 1794 quicquam
1661 1739 1789 1783 scire
1822 1739 2021 1794 potuit?
2055 1739 2166 1794 Ipse
2200 1751 2413 1794 quoque
2445 1739 2499 1782 in

279 1810 560 1853 Elementis
575 1809 708 1853 meis
722 1809 1101 1854 Astronomicis
1121 1811 1215 1854 tibi
1231 1811 1358 1854 illud
1375 1811 1599 1866 systema
1612 1811 1862 1863 tribuam,
1885 1814 1942 1854 ut
1956 1814 2008 1854 et
2023 1811 2497 1854 Instrumentorum

278 1882 577 1926 nostrorum
606 1881 870 1925 rationem
898 1881 993 1924 tibi
1020 1882 1074 1925 in
1104 1894 1266 1937 opere
1295 1883 1470 1927 nostro
1499 1883 1764 1927 stellarum
1794 1883 2027 1926 fixarum
2055 1883 2265 1926 restitui.
2298 1883 2401 1926 Sed
2431 1883 2496 1927 de

279 1954 383 1997 hoc
406 1953 569 1997 satis.«

349 2026 402 2068 Si
422 2037 487 2069 ea
507 2025 674 2068 verba
697 2028 922 2080 spectes,
951 2025 1140 2080 quibus
1162 2026 1227 2069 de
1248 2027 1469 2082 Buergio
1491 2027 1652 2070 utitur
1672 2026 2054 2078 Rothmannus,
2082 2038 2381 2081 numquam
2408 2038 2498 2070 no-

277 2097 437 2150 mine,
464 2097 560 2140 sed
579 2108 792 2151 semper
811 2096 1273 2152 horologiopaeum
1295 2099 1585 2153 appellans,
1613 2097 1964 2141 memorabile
1985 2101 2079 2150 est,
2107 2098 2252 2152 quod
2271 2099 2324 2141 in
2344 2099 2498 2142 Roth-

278 2168 461 2212 manni
486 2167 747 2212 Doctrina
775 2168 991 2223 quidem
1023 2168 1456 2223 Triangulorum,
1489 2182 1654 2224 quam
1683 2181 1750 2213 ex
1779 2169 1965 2213 codice
1992 2182 2158 2212 manu
2184 2169 2382 2225 scripto
2411 2182 2496 2214 ex-

278 2240 472 2295 cerpsit
499 2241 551 2283 R.
574 2240 725 2284 Wolf
744 2239 984 2298 (Astron.
1005 2239 1439 2296 .M1'tthei1ungen
1466 2241 1657 2284 XXXII
1684 2253 1733 2296 p.
1759 2241 1852 2295 65),
1880 2252 1947 2284 ne
1973 2241 2252 2296 vestigium
2280 2242 2497 2296 quidem

277 2312 809 2367 prosthaphaereseos
838 2311 1116 2364 invenitur,
1148 2315 1203 2356 at
1230 2312 1284 2355 in
1312 2311 1774 2357 Observationum
1803 2311 1940 2356 libro
1962 2311 2144 2367 primo
2172 2313 2497 2358 lucidissime

277 2395 394 2427 sese
426 2383 728 2427 doctrinam
759 2383 1146 2439 triangulorum
1178 2384 1487 2439 exposuisse
1520 2385 1774 2440 gloriatur
1805 2385 1904 2437 ille,
1933 2385 2047 2440 jam
2074 2384 2493 2441 Wittembergae‚

279 2467 403 2499 cum
430 2455 572 2498 hunc
599 2455 793 2498 librum
820 2455 1091 2507 scriberet,
1122 2456 1386 2500 rationem
1412 2456 1511 2500 sibi
1535 2460 1723 2500 notam
1749 2456 1909 2499 fuisse
1938 2456 2232 2509 affirmans,
2265 2469 2371 2511 qua
2400 2470 2495 2513 per

276 2528 449 2570 solam
470 2526 798 2570 additionem
818 2529 870 2570 et
889 2527 1311 2571 subtractionem
1330 2528 1592 2583 triangula
1613 2527 1748 2571 solvi
1768 2531 2005 2583 possent;
2035 2528 2176 2572 hanc
2205 2532 2386 2572 autem
2414 2542 2494 2573 ra-

275 2599 476 2642 tionem
505 2598 746 2641 Cassellis
775 2599 952 2642 celare
980 2611 1097 2643 sese
1127 2611 1234 2643 non
1263 2599 1515 2655 potuisse,
1548 2599 1672 2654 quia
1702 2600 1938 2643 calculos
1967 2611 2094 2643 suos
2126 2601 2492 2656 Landgravius

275 2669 534 2724 inspicere
556 2670 788 2722 deberet,
811 2673 969 2724 atque
989 2670 1062 2713 ita
1083 2671 1196 2714 aliis
1218 2683 1430 2726 quoque
1451 2674 1638 2715 notam
1652 2682 1768 2714 esse
1783 2670 2007 2715 factam!
2032 2672 2238 2726 Nempe
2253 2673 2490 2728 Buergio‚

275 2741 479 2785 homini
505 2741 900 2785 modestissimo
927 2745 1086 2796 atque
1114 2742 1458 2797 quietissimo,
1486 2746 1544 2786 ut
1570 2754 1635 2786 ex
1662 2743 1903 2786 omnium
1928 2743 2244 2787 testimoniis
2265 2748 2490 2797 constat,

277 2825 471 2868 magno
494 2825 654 2868 opere
675 2824 799 2856 eum
820 2813 1205 2857 obtrectavisse
1226 2814 1570 2860 manifestum
1591 2817 1684 2858 est.
1709 2814 1782 2858 Cf.
1807 2818 1985 2858 annot.
2010 2816 2078 2858 ad
2098 2828 2147 2870 p.
2170 2815 2297 2868 61,41.

347 2885 416 2927 ad
437 2897 485 2939 p.
512 2884 666 2942 l83‚2⁹]
693 2885 773 2928 De
794 2885 993 2928 Ioanne
1014 2885 1125 2929 Dee
1145 2886 1249 2929 vid.
1273 2889 1451 2930 annot.
1475 2886 1545 2929 ad
1563 2889 1694 2930 tom.
1719 2886 1789 2929 III
1810 2899 1859 2941 p.
1887 2886 2024 2939 184‚³³
2045 2890 2096 2930 et
2116 2899 2165 2942 p.
2187 2887 2344 2940 203‚³⁴.

347 2957 416 2999 ad
436 2968 485 3010 p.
512 2956 666 3013 183‚32]
692 2956 994 3000 Victorinus
1014 2957 1358 3009 Schoenfeldt,
1385 2957 1659 3012 professor
1683 2958 2094 3011 mathematum‚
2122 2962 2310 3013 postea
2331 2960 2492 3003 medi-

276 3027 428 3079 cinae,
458 3027 867 3083 Marpurgensis‚
897 3031 1141 3071 mortuus
1161 3032 1239 3072 est
1261 3042 1307 3072 a.
1336 3028 1443 3072 1591
1474 3028 1560 3087 (cf.
1589 3032 1718 3073 tom.
1742 3030 1763 3072 I
1790 3042 1840 3085 p.
1862 3030 2111 3087 XXXIII).
2141 3031 2220 3074 De
2242 3031 2491 3075 observa-

274 3098 505 3142 tionibus
525 3099 636 3154 eJus
656 3099 1083 3154 meteorologicis
1103 3101 1262 3144 nullae
1284 3104 1575 3144 asservatae
1596 3114 1712 3145 esse
1732 3102 1991 3145 videntur.

347 3170 416 3212 ad
437 3182 485 3224 p.
513 3169 654 3228 184,³]
693 3172 813 3214 Post
838 3170 1284 3226 subscriptionem
1311 3172 1430 3216 haec
1459 3173 1606 3216 addit
1631 3173 1855 3228 epistula
1879 3186 2043 3217 manu
2063 3174 2282 3229 scripta:
2316 3175 2489 3230 »Opus

276 3241 511 3285 nostrum
538 3241 803 3285 stellarum
822 3242 1054 3285 fixarum
1076 3243 1307 3298 accipies
1329 3244 1443 3287 Deo
1464 3245 1640 3297 dante,
1668 3245 1744 3288 uti
1770 3245 1936 3300 spero,
1965 3246 2035 3289 ad
2061 3246 2336 3301 proximas
2363 3260 2490 3290 nun-

275 3312 428 3356 dinas
447 3312 939 3357 francofurtenses«.

347 3384 416 3427 ad
436 3396 485 3439 p.
512 3384 665 3442 185,³0]
694 3385 1004 3430 Franciscus
1018 3386 1276 3439 Valesius,
1297 3386 1350 3430 in
1365 3387 1577 3431 Castilia
1591 3391 1771 3433 vetere
1785 3392 1957 3442 natus,
1981 3390 2221 3434 medicus
2238 3389 2334 3433 fuit
2354 3390 2489 3445 regis

417 3468 486 3504 46*
