2748 4204
445 334 534 384 102
792 328 1396 381 EPISTOLARUM
1423 327 2252 378 ASTRONOMICARUM

444 472 800 524 ridianorum
821 467 1358 531 intercapedinibu8‚
1380 467 1679 529 Lunaeque
1699 465 1965 524 motibuS,
1987 468 2252 516 certiores
2273 467 2592 519 reddemur.

443 538 1043 593 Animaduertendum
1071 552 1227 594 vero,
1260 537 1417 599 quod
1445 538 1506 586 in
1535 535 1696 586 totali
1725 535 1980 598 deliquio
2010 550 2142 585 cum
2173 550 2354 595 mora,
2386 536 2594 588 melius

443 610 790 662 discernatur
815 614 1040 669 tempus
1066 607 1333 669 ingressus
1358 607 1532 656 totius
1558 607 1813 667 corporis
1840 605 2023 655 Lunae
2049 606 2110 655 in
2135 604 2399 656 vmbram
2423 612 2592 657 terre—

442 695 596 737 nam,
618 678 668 728 &
687 679 857 740 primi
872 676 1125 726 eiusdem
1139 676 1390 738 egresstIS,
1407 690 1585 737 quam
1600 681 1807 725 caetera
1821 674 1938 724 duo
1953 676 2122 736 primi
2136 676 2278 739 initij
2296 674 2593 739 vltimique

441 751 572 800 finis
583 752 894 797 momenta.
911 746 1108 806 Quare
1119 744 1231 795 illis
1242 747 1433 807 potius
1444 750 1708 794 accurate
1720 743 2149 794 attendendum.
2166 744 2406 807 Expedit
2420 748 2594 796 etiam

440 820 632 883 plures
660 816 710 867 8(
736 814 1039 866 disiunctos
1065 814 1137 865 ab
1163 816 1416 864 inuicem
1442 812 1715 864 adhibere
1744 812 2170 873 Obseruatores,
2201 816 2300 877 qui
2326 817 2593 865 acumine

439 889 589 939 visus
609 886 879 949 polleant.
902 885 1147 935 Lunaris
1166 890 1357 934 motus
1372 882 1681 934 Calculum
1695 898 1850 932 nunc
1865 898 1986 933 non
1999 885 2178 942 mitto,
2200 898 2270 934 eo
2288 884 2444 946 quod
2459 899 2594 935 eum

439 957 698 1021 pluribus
718 954 1044 1018 EclipfibuS,
1073 953 1123 1003 &
1150 954 1332 1003 Lunae
1353 952 1493 1003 locis
1513 955 1674 1003 iuxta
1694 951 2110 1014 Quadraturas,
2137 968 2315 1016 prope
2341 954 2594 1005 mediam

440 1028 759 1078 distantiam
780 1023 1030 1088 Epicycli
1051 1023 1101 1073 8(
1121 1022 1258 1073 alibi
1282 1025 1471 1081 etiam,
1498 1021 1706 1085 saepius
1732 1022 2078 1084 diutiusque,
2104 1023 2437 1085 priusquam
2462 1039 2594 1075 mea

440 1101 679 1147 inuenta
703 1095 812 1146 hac
838 1097 898 1144 in
924 1100 1084 1156 parte
1111 1092 1239 1155 alijs
1266 1093 1759 1151 communicarim,
1788 1094 2122 1142 examinare
2148 1092 2421 1143 constitui.
2442 1093 2593 1144 Volo

439 1169 610 1224 enim,
637 1171 695 1215 vt
721 1180 853 1227 quae
877 1179 913 1214 a
935 1179 1028 1213 me
1055 1166 1114 1213 in
1138 1162 1550 1212 Astronomicis
1575 1160 2024 1223 proficiscuntur,
2050 1161 2143 1212 vel
2168 1162 2332 1213 nulla
2356 1162 2475 1222 fint,
2501 1162 2594 1214 vel

438 1237 606 1299 longe
628 1232 982 1290 exactissima,
1003 1239 1061 1283 vt
1081 1232 1153 1283 ad
1167 1234 1450 1283 maiorem
1464 1230 1858 1294 praecifionem
1873 1231 2062 1282 sensus
2076 1231 2322 1283 humani
2335 1247 2456 1283 non
2469 1248 2592 1295 per-

438 1309 670 1369 tingant.
687 1303 913 1354 Praestat
925 1305 1082 1353 enim
1095 1301 1222 1352 haec
1234 1300 1444 1353 intacla
1455 1302 1797 1364 relinquere,
1814 1316 1992 1364 quam
2004 1301 2303 1353 oscitanter
2314 1302 2365 1353 &
2376 1302 2594 1353 rudiori

439 1376 714 1426 Minerua
725 1371 979 1439 11381316.
992 1373 1232 1422 Veneris
1245 1371 1295 1421 8(
1307 1372 1581 1434 Mercurij
1596 1376 1788 1422 motus
1799 1370 1928 1421 satis
1939 1371 2277 1434 scrupulose,
2292 1387 2394 1435 per
2404 1371 2591 1423 multi-

437 1445 612 1508 plices
639 1443 1083 1494 Obseruationes
1109 1441 1436 1504 exploratos
1464 1440 1670 1492 haben.
1701 1440 1768 1491 In
1797 1441 1975 1492 tribus
2003 1441 2302 1492 altioribus
2326 1441 2591 1501 PlanetiS,

437 1515 630 1578 plures
653 1511 1051 1576 Acronychias
1077 1511 1624 1569 animaduerfioneS,
1651 1511 1963 1574 praesertim
1987 1514 2049 1562 in
2075 1511 2495 1563 distantioribus
2520 1512 2592 1563 ab

436 1587 688 1635 inuicem
700 1583 1011 1633 Eccentrici
1022 1581 1162 1632 locis
1174 1583 1422 1644 requiro,
1435 1596 1580 1644 quas
1591 1581 1686 1632 vbi
1700 1580 1933 1632 fauente
1949 1581 2111 1632 DEO
2126 1582 2397 1632 assecutus
2411 1581 2592 1641 fuero,

435 1655 596 1717 spero
611 1668 704 1703 me
720 1653 926 1703 eodem
940 1652 1198 1701 Numine
1213 1650 1430 1702 nostros
1452 1657 1692 1702 conatus
1713 1651 2003 1714 dirigente,
2024 1651 2452 1703 Astronomiam
2470 1654 2592 1702 vni-

435 1723 660 1774 uersam
682 1722 952 1772 omnibus
971 1721 1083 1771 suis
1103 1723 1361 1771 numeris
1382 1721 1717 1780 absolutam,
1742 1721 2051 1772 Posteritati
2070 1721 2253 1772 multo
2273 1719 2591 1784 perfefflus,

436 1809 612 1856 quam
627 1793 699 1843 ab
714 1791 1149 1843 antecessoribus
1168 1790 1367 1841 nostris
1387 1790 1704 1843 factitatum
1724 1791 1812 1850 est,
1835 1791 2313 1842 consecraturum.
2335 1790 2470 1853 Quo
2489 1807 2591 1842 no-

434 1866 590 1914 mine
612 1863 775 1913 Deus
793 1864 943 1912 vires
963 1856 1258 1927 31111111118(
1278 1864 1532 1923 corporis
1552 1861 1744 1924 largiri
1765 1861 2041 1925 dignetur,
2068 1867 2127 1911 vt
2150 1861 2592 1924 praestantissima

436 1933 486 1983 8(
516 1933 896 1995 antiquissima
924 1933 1205 1990 omnium,
1238 1930 1528 1994 planeque
1558 1932 1759 1982 diuina
1791 1930 1918 1982 haec
1945 1931 2193 1990 scientia,
2223 1946 2260 1982 a
2287 1931 2512 1982 mendis
2541 1930 2592 1981 8(

435 2002 723 2054 erroribus
743 2001 1059 2064 aliquando
1080 2006 1384 2063 repurgata
1403 2003 1464 2051 in
1483 2003 1782 2052 veritatem
1796 2001 2287 2064 Apparentiarum
2306 2000 2407 2063 ipfi
2426 2000 2591 2052 Caelo

434 2087 750 2136 congruam
778 2071 1112 2122 restituatur.
1143 2070 1529 2122 NICOLAVS
1556 2070 2041 2122 COPERNICVS
2070 2074 2271 2134 ingens
2298 2070 2349 2121 8(
2374 2073 2589 2121 incom-

432 2142 705 2205 parabilis
724 2144 785 2191 in
804 2140 916 2191 hoc
936 2155 1109 2203 opere
1130 2139 1380 2198 Athleta,
1402 2140 1441 2190 fi
1461 2140 1750 2203 exquisitis
1771 2140 1822 2190 8(
1841 2140 1987 2191 1111111
2007 2143 2186 2191 errori
2208 2139 2304 2191 ille
2324 2140 2590 2205 obnoxijs

433 2212 821 2263 Instrumentis
835 2226 957 2261 non
970 2210 1260 2261 destitutus
1274 2210 1464 2270 fuisset,
1480 2210 1648 2274 longe
1663 2212 1906 2261 certiora
1918 2211 2084 2262 nobis
2098 2210 2418 2274 reliquisset;
2433 2210 2590 2261 Nam

431 2282 663 2333 scientia
678 2281 729 2332 &
743 2283 992 2344 ingeni0,
1013 2280 1053 2338 fi
1073 2282 1201 2342 quis
1221 2280 1386 2339 aliuS,
1409 2280 1713 2338 eminebat,
1735 2295 1984 2343 quaeque
2000 2296 2030 2331 e
2047 2280 2384 2332 Geometria
2397 2279 2588 2331 Arith-

431 2354 752 2414 meticaque
773 2350 847 2401 ad
867 2350 1019 2401 hanc
1039 2350 1240 2400 Artem
1261 2350 1712 2401 constituendam
1731 2350 2186 2413 requirebantur,
2207 2348 2589 2413 perfectissime

433 2421 689 2472 callebat.
718 2420 842 2471 Nec
863 2420 1176 2471 Ptolemaeo
1201 2419 1312 2471 hac
1330 2422 1393 2470 in
1412 2427 1572 2483 parte
1593 2420 1830 2470 inferior
1850 2426 1986 2478 erat,
2011 2422 2131 2471 imo
2151 2422 2213 2470 in
2232 2419 2587 2483 quibusdam,

429 2491 740 2555 praesertim
766 2489 1191 2554 Hypothefium
1218 2492 1618 2549 concinnitate,
1647 2489 1698 2540 8(
1723 2489 2129 2553 compendiosa
2149 2489 2480 2541 Harmonia
2503 2492 2587 2540 in-

430 2561 737 2619 uenienda,
753 2575 889 2611 eum
902 2560 1072 2623 longe
1085 2560 1452 2623 exuperabat.
1469 2560 1677 2622 Neque
1690 2559 1866 2611 obstat
1877 2559 2192 2611 absurditas
2204 2561 2393 2622 prima
2406 2558 2592 2610 fronte

430 2645 716 2694 apparens
736 2633 797 2680 in
816 2629 1012 2680 Terrae
1033 2630 1435 2689 Reuolutione,
1463 2645 1613 2689 cum,
1639 2629 1680 2680 fi
1704 2635 1898 2680 motus
1918 2629 2211 2680 circularis
2231 2631 2382 2680 circa
2400 2629 2594 2680 aliena

430 2706 625 2751 centra
645 2699 922 2764 regularis
942 2700 1237 2759 astruatur,
1252 2706 1311 2750 vt
1324 2699 1692 2750 Ptolemaicae
1705 2702 1768 2750 in
1781 2699 2052 2750 omnibus
2067 2699 2332 2758 Planetis,
2355 2705 2592 2762 excepto

430 2770 578 2829 Sole,
606 2770 796 2820 ferunt
816 2769 1197 2834 HypotheseS,
1224 2770 1393 2834 longe
1421 2769 1720 2820 absurdius
1741 2768 1792 2819 8(
1811 2768 2230 2820 intolerabilius
2250 2774 2450 2819 contra
2474 2768 2594 2831 ipsa

429 2841 586 2890 Artis
611 2842 909 2903 principia,
938 2846 1218 2903 peccetur,
1249 2855 1427 2903 quam
1451 2838 1648 2890 Terrae
1674 2845 1898 2890 motum
1923 2838 2181 2902 aliquem
2205 2838 2590 2897 attribuendo;

430 2912 530 2971 qui
550 2911 832 2972 quoniam
851 2909 1132 2960 naturalis
1153 2912 1272 2968 erit,
1294 2908 1627 2960 insensibilis
1644 2909 1853 2960 euadit.
1876 2909 2000 2959 Nec
2019 2914 2101 2959 tot
2119 2909 2593 2959 inconuenientia

429 2978 564 3029 hinc
578 2981 946 3042 proueniunt,
963 2985 1103 3041 quot
1115 2979 1375 3042 plerique
1390 2979 1761 3037 arbitrantur:
1777 2993 2027 3041 quaeque
2039 2981 2100 3029 in
2111 2978 2381 3029 Poemate
2393 2976 2590 3041 Sphae-

429 3051 547 3098 rico
574 3048 851 3099 clarissimi
876 3048 1031 3099 illius
1056 3049 1247 3100 Poetae
1268 3048 1751 3100 BVCHANANI
1771 3047 2014 3107 SCOTI,
2041 3050 2173 3107 mei,
2201 3062 2335 3099 cum
2359 3049 2421 3098 in
2439 3049 2589 3098 viuis

430 3119 568 3177 esset,
585 3120 756 3168 amici
771 3120 963 3181 eximij
972 3158 983 3177 ,
999 3134 1185 3181 nuper
1197 3118 1488 3181 publicata
1501 3118 1644 3176 sunt,
1659 3118 1854 3169 locum
1867 3117 1962 3169 hic
1977 3133 2099 3168 non
2111 3116 2341 3169 habent.
2364 3117 2417 3167 Is
2432 3119 2588 3167 enim

428 3203 550 3238 non
581 3187 1003 3246 animaduertit,
1036 3187 1215 3250 pofito
1246 3195 1410 3239 motu
1440 3194 1669 3239 terreno
1697 3203 1858 3238 mare
1888 3187 1939 3238 8(
1968 3186 2370 3238 circumfluum
2399 3189 2587 3250 proxi-

428 3271 707 3320 mumque
724 3257 940 3308 Acrem
958 3272 1075 3308 vna
1093 3260 1219 3320 pari
1240 3260 1622 3309 concitatione
1643 3257 1936 3317 conuolui,
1957 3256 2205 3320 ideoque
2224 3255 2449 3308 nullam
2467 3258 2587 3307 vio-

428 3326 667 3377 lentiam
696 3326 930 3386 causari,
963 3342 1070 3377 nec
1098 3327 1519 3387 absurditatem,
1549 3333 1830 3390 quantam
1856 3329 1919 3377 in
1947 3327 2217 3378 omnibus
2244 3328 2331 3390 ijs,
2363 3340 2498 3389 quae
2525 3327 2588 3376 in

429 3399 782 3447 contrarium
808 3396 1054 3456 adducit,
1081 3396 1206 3447 fieri
1233 3397 1509 3448 existimat
1534 3399 1859 3459 prouenire.
1887 3396 1998 3448 Sed
2023 3411 2144 3447 non
2171 3396 2244 3446 est
2263 3395 2438 3477 huius
2457 3394 2585 3515 lgci,

2304 3480 2472 3528 coplo
2515 3480 2584 3516 us

2645 1106 2686 1140 10

2646 1453 2685 1487 15

2641 1802 2685 1836 20

2635 1864 2690 1906 74

2639 2151 2683 2184 25

2636 2503 2682 2537 30

2640 2852 2686 2886 35

2637 3119 2664 3161 ‘1‘

2637 3202 2682 3236 40
