2748 4204
395 350 482 400 164
739 345 1338 399 EPISTOLARUM
1365 343 2194 398 ASTRONOMICARUM

395 486 478 536 Ita
497 488 651 536 enim
670 488 932 546 vtrinque
953 481 1379 535 Refractionum
1400 483 1451 534 ἀ
1470 482 1861 534 Parallaxium
1888 481 2190 541 obstacula,
2217 496 2349 545 quae
2374 486 2537 546 paria

395 555 534 613 sunt,
556 554 949 611 excluduntur,
968 552 1288 603 ostendetur
1301 553 1624 616 Longitudo
1639 550 1830 603 Stellae
1844 553 1906 600 in
1918 551 2064 601 Part.
2081 551 2117 602 1.
2133 551 2345 602 Minut.
2360 552 2443 603 55.
2454 554 2509 612 ξς
2524 566 2536 611 ;

395 638 526 673 cum
555 622 877 671 Latitudine
906 621 1050 672 Part.
1078 622 1125 671 9.
1153 621 1364 672 Minut.
1392 623 1503 674 5723.
1535 635 1667 684 quae
1697 620 1814 670 duo
1842 621 1904 669 in
1931 619 2051 682 ipso
2079 619 2363 683 Scrupulo
2391 619 2538 673 recte

395 690 643 742 constare
668 690 895 740 nullum
921 690 1075 753 apud
1100 705 1194 741 me
1221 690 1294 741 est
1320 690 1582 741 dubium:
1610 690 1765 740 Licet
1784 688 1964 740 vestra
1989 688 2188 751 pofitio
2207 692 2270 740 in
2290 689 2468 741 Grad.
2489 690 2536 741 2.

394 760 538 810 Min.
561 760 595 809 1.
623 762 698 818 bs,
727 759 971 809 eandem
992 759 1227 810 Stellam
1247 760 1320 810 ad
1339 759 1517 810 finem
1537 760 1698 809 Anni
1717 758 1799 809 88.
1822 764 2084 821 reponat:
2111 758 2196 810 Ita
2215 765 2273 810 vt
2296 760 2539 810 excessus
2589 778 2609 810 ⁵

394 830 776 879 committatur
790 828 998 878 Minut.
1014 829 1090 881 δὲ.
1108 829 1302 891 quoad
1317 828 1781 892 Longitudinem:
1798 827 1969 879 Circa
1983 828 2370 879 Latitudinem
2385 831 2540 879 enim

393 901 452 947 in
466 897 702 947 dimidio
717 896 997 959 Scrupulo
1018 897 1416 948 consentimuS.
1437 898 1567 949 Pari
1587 899 1809 947 ratione
1830 912 1951 947 non
1969 896 2154 948 solum
2173 897 2247 948 ad
2266 896 2375 949 hos
2395 898 2540 949 duos

393 968 597 1016 Annos
628 968 689 1016 in
717 966 955 1028 Venere,
989 973 1107 1017 tam
1139 967 1379 1018 occidua
1411 982 1588 1030 quam
1619 966 1918 1026 Orientali,
1951 966 2126 1017 huius
2157 967 2541 1031 indagationis

392 1035 710 1099 periculum
729 1034 851 1093 feci,
875 1035 967 1086 sed
989 1039 1161 1086 etiam
1180 1039 1241 1086 in
1262 1035 1602 1099 quibusdam
1622 1035 1766 1099 alijs‚
1787 1036 2129 1099 potissimum
2147 1036 2409 1088 videlicet
2428 1036 2540 1088 col-

392 1106 605 1155 latione
625 1102 772 1155 facta
787 1104 1269 1156 obseruationum
1284 1106 1444 1156 Anni
1458 1105 1541 1156 82.
1557 1120 1691 1155 cum
1704 1105 1787 1157 85.
1804 1104 1855 1155 &
1868 1105 1951 1156 86.
1974 1120 2224 1169 quoque,
2245 1121 2378 1157 cum
2396 1121 2539 1170 prae-
2594 1123 2633 1156 ιο

392 1176 555 1224 terito
575 1173 657 1224 88.
684 1174 986 1237 multisque
1010 1174 1060 1224 &
1082 1177 1257 1238 varijs
1283 1174 1879 1226 animaduersionibus
1904 1177 1966 1225 in
1990 1174 2221 1239 lingulis
2246 1175 2543 1239 diligenter

393 1242 663 1306 expenfis,
702 1250 873 1306 atque
907 1244 1048 1294 iusto
1079 1244 1255 1295 modo
1287 1245 1616 1295 adinuicem
1648 1247 1994 1307 comparatis
2025 1245 2236 1308 vbique
2266 1247 2542 1296 terminos

394 1312 786 1375 Longitudinis
815 1312 1142 1363 Affixarum
1173 1313 1479 1364 Stellarum
1511 1314 1684 1376 plane
1716 1314 1922 1364 eodem
1953 1313 2130 1365 modo
2161 1314 2420 1378 figendos
2451 1329 2541 1365 co-

392 1384 583 1445 gnoui,
604 1389 772 1444 prout
791 1389 961 1432 antea
981 1398 1017 1433 a
1035 1398 1129 1433 me
1150 1383 1430 1434 constituti
1451 1390 1629 1434 erant.
1651 1383 1776 1434 Imo
1789 1398 1863 1434 ne
1877 1386 1939 1434 in
1952 1383 2140 1434 Solari
2152 1379 2425 1451 tra-ssmite
2442 1383 2542 1435 ali-
2579 1393 2658 1436 135

393 1451 529 1514 quid
548 1451 818 1501 minutuli
837 1451 1035 1502 lateret
1055 1452 1210 1516 dubij
1235 1453 1391 1515 quod
1411 1452 1564 1504 hanc
1581 1453 1982 1516 Pragmatiam,
2004 1469 2121 1516 quo
2140 1455 2335 1504 minus
2355 1453 2429 1505 ad
2450 1469 2543 1505 ex·
2597 1470 2637 1504 15

392 1518 576 1571 actam
613 1520 1005 1583 praecifionem
1041 1521 1463 1584 perduceretur,
1503 1523 1821 1586 impediret,
1861 1521 2306 1574 obseruationes
2343 1525 2546 1587 integri

391 1591 650 1652 proxime
680 1590 1067 1641 antecedentis
1096 1594 1478 1656 quinquennij
1512 1595 1662 1643 circa
1686 1591 1870 1656 ipsum
1897 1599 2146 1655 quatuor
2171 1592 2263 1643 vel
2289 1595 2545 1656 quinque

391 1658 606 1709 affabre
628 1658 933 1710 elaboratis
948 1660 1354 1722 InstrumentiS‚
1374 1668 1667 1725 tantaeque
1686 1662 2115 1726 magnitudinis,
2132 1668 2191 1713 vt
2204 1662 2273 1713 de
2287 1661 2442 1713 sexta
2454 1662 2547 1713 vel

392 1734 596 1791 quarta
612 1728 685 1778 ad
699 1731 1007 1780 minimum
1023 1730 1287 1794 Scrupuli
1307 1738 1468 1795 parte
1489 1731 1707 1795 fingula
1726 1746 1834 1782 nos
1854 1731 2247 1790 certificarent,
2267 1731 2368 1782 sub
2387 1734 2546 1783 incu-

392 1798 522 1848 dem
548 1797 1117 1850 Demonstrationum
1144 1800 1194 1850 &
1221 1816 1600 1855 numerorum
1626 1803 1919 1852 reuocaui.
1950 1801 2019 1852 Et
2042 1801 2172 1852 licet
2197 1804 2258 1852 in
2284 1801 2546 1865 Apogaeo
2596 1817 2640 1851 20

391 1867 558 1917 solari
576 1868 870 1918 modicum
890 1870 1028 1932 quid
1043 1885 1079 1921 a
1092 1872 1270 1933 priori
1284 1870 1473 1922 nostra
1485 1873 1825 1922 inuentione
1840 1871 2217 1922 adimendum
2237 1873 2548 1935 repererim

393 1936 442 1986 &
463 1937 950 1989 Eccentricitatem
971 1942 1145 1990 etiam
1165 1940 1530 2003 aliquantulo
1550 1943 1854 1999 minorem,
1882 1956 2061 2003 quam
2087 1947 2260 1992 antea
2289 1940 2547 1992 constitu-

393 2007 623 2065 endam;
655 2006 879 2058 Tamen
907 2008 1001 2059 hae
1031 2008 1369 2061 differentiae
1395 2010 1543 2061 adeo
1571 2010 1749 2061 exiles
1773 2010 1916 2070 sunt,
1943 2017 2001 2061 vt
2025 2013 2123 2061 vix
2152 2010 2398 2062 alicuius
2425 2025 2547 2061 mo-

391 2079 569 2126 menti
601 2076 948 2129 aestimandae
980 2081 1238 2131 veniant:
1270 2079 1540 2131 Abfidem
1573 2083 1731 2131 enim
1762 2079 1912 2131 Solis
1942 2083 2040 2131 vix
2072 2080 2311 2131 dimidio
2343 2079 2549 2132 Gradu

392 2149 753 2206 anteriorem,
782 2147 832 2197 &
859 2148 1348 2201 Eccentricitatem
1372 2153 1538 2202 tertia
1561 2149 1925 2201 solummodo
1951 2152 2123 2201 vnius
2146 2150 2363 2201 Minuti
2388 2155 2547 2213 parte
2597 2165 2642 2199 2⁵

392 2216 461 2266 de
481 2215 834 2280 sexagesimis
852 2220 1084 2282 integris
1099 2219 1521 2271 Semidiametri
1535 2220 1848 2271 Eccentrici
1866 2220 2227 2283 portionibus
2246 2217 2548 2271 arctiorem

393 2285 661 2337 efficiunt.
689 2287 765 2338 At
791 2290 853 2338 in
877 2287 997 2351 ipsa
1016 2288 1165 2340 Solis
1186 2290 1570 2354 Longitudine
1596 2289 1723 2340 haec
1749 2290 1954 2341 eadem
1979 2289 2149 2353 longe
2174 2292 2369 2340 minus
2394 2291 2546 2352 inge-

392 2362 524 2407 runt
546 2356 897 2417 discriminis,
917 2358 1065 2410 adeo
1083 2366 1143 2410 vt
1161 2359 1526 2411 solummodo
1545 2362 1716 2410 vnius
1736 2359 1954 2410 Minuti
1974 2362 2124 2410 circa
2138 2359 2433 2417 Brumam,
2453 2357 2549 2410 vbi

392 2428 647 2477 maxima
668 2426 741 2477 est
760 2442 795 2477 a
814 2430 992 2491 priori
1011 2428 1336 2480 differentia
1351 2429 1631 2492 subrepat,
1653 2429 1810 2493 quod
1823 2428 2052 2492 prorsus
2067 2428 2141 2479 est
2154 2444 2224 2480 eo
2238 2428 2549 2492 praesertim

391 2498 452 2546 in
464 2495 593 2547 loco
606 2496 939 2548 insensibile.
955 2498 1080 2549 Nec
1094 2499 1292 2550 dubito
1305 2499 1458 2550 hanc
1471 2498 1840 2563 posteriorem
1853 2501 1915 2549 in
1929 2501 2131 2550 itinere
2143 2498 2330 2550 Solari
2342 2498 2547 2549 limita·
2597 2513 2641 2547 30

391 2569 608 2617 tionem
622 2582 653 2617 e
667 2566 923 2631 plurium
931 2568 1242 2620 Annorum
1256 2569 1600 2633 diligentiori
1615 2571 2045 2620 examinatione
2059 2567 2368 2619 institutam
2382 2567 2549 2619 nobis

391 2635 562 2699 ipfius
585 2637 933 2688 curriculum
955 2638 1158 2690 caelesti
1178 2654 1249 2690 ea
1267 2638 1601 2703 praecifione
1620 2638 1957 2702 Analogum
1981 2637 2365 2696 manifestasse,
2392 2644 2450 2688 vt
2475 2637 2549 2688 ad

391 2708 674 2757 maiorem
686 2707 1050 2759 subtilitatem
1061 2708 1180 2760 vlla
1195 2709 1447 2773 Organa,
1465 2707 1764 2772 sensusque
1779 2708 2083 2759 oculorum
2096 2710 2415 2771 pertingere
2429 2721 2549 2757 non

392 2775 709 2828 sustineant.
731 2777 1130 2830 Nihilominus
1144 2785 1340 2830 tamen
1354 2778 1686 2830 adhibendo
1699 2778 1868 2836 hanc,
1890 2779 1960 2829 de
1975 2793 2092 2841 qua
2110 2777 2335 2840 loquor,
2357 2777 2550 2828 denuo

393 2843 760 2898 rec'tificatam
780 2847 995 2899 Solaris
1015 2855 1207 2900 motus
1232 2846 1662 2908 comestionem,
1687 2847 1817 2899 loca
1836 2848 2224 2898 Inerrantium
2243 2846 2551 2899 Stellarum
2600 2861 2644 2895 3⁵

394 2930 514 2966 non
539 2916 703 2967 aliter
727 2916 781 2968 se
806 2916 1020 2986 habere
1046 2918 1448 2982 percipiebam,
1476 2924 1650 2981 atque
1676 2924 1850 2969 antea
1875 2933 1906 2968 e
1932 2919 2110 2981 priori
2130 2919 2191 2968 in
2210 2915 2360 2968 Solis
2386 2915 2550 2967 cursu

395 2986 798 3038 emendatione
828 2987 1191 3052 exploratum
1220 2994 1358 3048 erat,
1386 2994 1445 3039 vt
1474 2987 1621 3039 nihil
1648 2986 1877 3051 prorsus
1905 2986 2176 3045 haefitem,
2211 3001 2284 3037 ne
2315 2987 2551 3037 vnicum

395 3055 629 3118 quidem
654 3055 1001 3121 Scrupulum
1030 3060 1091 3109 in
1119 3058 1308 3110 nostra
1332 3058 1607 3109 Fixarum
1636 3054 2042 3108 rectificatione
2068 3056 2161 3108 vel
2190 3054 2434 3107 deficere
2458 3054 2552 3106 vel

395 3125 713 3185 abundare;
739 3126 887 3191 Alijs
913 3129 1086 3178 etiam
1111 3127 1431 3179 rationibus
1455 3127 1632 3178 huius
1657 3126 2146 3191 peruestigationis
2172 3127 2379 3190 praxin
2404 3123 2550 3175 insti-

395 3194 610 3246 tuendo
637 3194 687 3245 ἃ
713 3210 835 3246 rem
860 3196 1040 3260 ipsam
1063 3200 1223 3248 varie
1248 3197 1521 3248 hincinde
1547 3196 1997 3260 comprobando.
2028 3196 2246 3247 Indicat
2271 3199 2551 3258 praeterea
2600 3209 2644 3243 40

396 3263 975 3327 ROTHMANNVS,
1000 3281 1095 3318 me
1119 3266 1284 3318 breui
1302 3266 1616 3319 vestrarum
1637 3266 2123 3319 obseruationum
2146 3264 2474 3328 processum,
2501 3261 2552 3313 81

397 3334 774 3398 quamobrem
789 3338 850 3386 in
864 3339 1055 3399 quinis
1069 3336 1181 3388 illis
1195 3336 1489 3400 Scrupulis
1504 3351 1538 3387 a
1552 3351 1646 3387 me
1661 3335 1998 3393 dissentiatis‚
2015 3337 2267 3385 rationes
2282 3333 2550 3452 visurunh,

2395 3417 2512 3467 quo
