2748 4204
116 1115 156 1150 10

117 1471 157 1506 15

1003 309 1249 361 LIBER
1277 308 1600 365 PRIMUS
2300 317 2403 370 205

202 473 274 510 eo
288 452 827 510 animaduersiones
841 450 1095 503 nancisci
1108 450 1285 503 licuit.
1303 452 1396 504 Ne
1412 456 1583 519 igitur
1597 471 1688 507 res
1703 456 1920 508 diutius
1935 456 2253 519 differatur,
2270 475 2404 523 quae

201 525 484 581 hactenus
520 524 722 577 sedula
760 523 1140 575 denotatione
1176 523 1482 587 explorata
1513 525 1722 587 habeo,
1755 527 1819 578 T.
1855 527 2043 581 Celfit.
2078 533 2403 582 communi-

202 598 390 652 canda
410 597 568 657 duxi,
588 602 649 647 vt
669 610 805 647 cum
824 594 910 646 sui
925 593 1336 646 Mathematici
1357 598 1418 646 in
1440 597 1649 648 eodem
1666 598 1915 651 Cometa
1936 600 2253 652 obseruatis
2275 601 2405 665 (nec

203 672 362 723 enim
375 668 576 720 dubito
592 666 849 718 eundem
864 667 1042 717 etiam
1057 681 1094 717 a
1107 665 1274 717 vobis
1289 667 1768 720 animaduersum
1784 669 1910 733 esse)
1933 670 2195 723 conferre
2211 679 2403 736 queat.

204 739 442 795 Occafio
468 745 669 791 autem
690 753 808 802 qua
834 736 1004 788 illum
1028 738 1286 800 primum
1309 737 1733 802 conspeximus,
1763 747 1886 792 erat
1910 741 2262 795 huiusmodi.
2291 743 2404 795 Die

202 812 286 865 23.
308 810 627 875 Februarij,
655 823 791 861 cum
811 808 1058 860 Veneris
1079 807 1259 859 Stella
1284 811 1451 860 terris
1478 809 1880 863 descendendo
1905 817 2403 878 appropinquanS,

203 886 354 937 circa
372 883 698 934 maximam
719 895 756 932 a
775 878 911 932 Sole
931 881 1325 930 remotionem
1343 880 1683 941 versaretur,
1706 880 1910 934 nad’tus
1930 884 2050 947 post
2071 885 2404 948 quatridua-

203 970 310 1008 nas
330 955 482 1006 aeris
503 951 892 1011 obscuritateS‚
915 956 1254 1014 exoptatam
1274 950 1539 1015 aliquam
1558 952 1940 1014 serenitatem,
1962 954 2117 1006 illius
2139 956 2404 1008 obserua-

202 1027 348 1079 tioni
373 1023 573 1076 sedulo
599 1021 1024 1075 attendendum
1050 1021 1262 1073 censui.
1292 1022 1597 1086 Siquidem
1617 1039 1690 1074 ex
1711 1025 1846 1075 dato
1867 1025 2041 1089 ipsius
2062 1026 2209 1086 loco,
2237 1029 2299 1078 in
2319 1043 2404 1079 re-

202 1097 522 1156 motissima‚
552 1091 811 1159 respec’tu
838 1092 1006 1153 Solis,
1033 1099 1156 1144 tam
1176 1092 1533 1158 Vespertina,
1563 1110 1744 1159 quam
1771 1095 1897 1147 an
1923 1096 2303 1160 dispositione,
2331 1099 2406 1150 ad

203 1169 452 1233 Apogaei
471 1172 648 1230 atque
670 1165 1123 1217 Eccentricitatis
1144 1167 1540 1229 cognitionem
1560 1168 1858 1230 perueniri
1877 1168 2043 1230 posse,
2070 1175 2243 1231 prout
2264 1185 2405 1233 quo-

205 1254 318 1304 que
347 1254 385 1291 a
412 1237 733 1290 Ptolemaeo
763 1235 816 1288 81
846 1235 1180 1300 Copernico
1213 1234 1536 1289 factitatum
1566 1237 1657 1297 est,
1687 1237 1752 1289 T.
1784 1237 1974 1290 Celfit.
2007 1254 2131 1291 non
2163 1242 2405 1304 ignorat.

204 1311 346 1363 Non
364 1324 585 1374 paucas
604 1311 778 1373 igitur
798 1306 1152 1360 eiuscemodi
1167 1323 1204 1359 a
1218 1307 1353 1360 Sole
1374 1308 1739 1374 digressiones
1759 1312 2067 1370 maximaS,
2088 1314 2407 1363 matutinas

204 1388 380 1446 atque
399 1380 771 1445 vespertinaS,
798 1381 921 1431 iam
947 1386 1123 1431 antea
1143 1378 1455 1443 aliquoties
1477 1380 1800 1444 exploraui‚
1829 1382 2041 1445 quibus
2063 1381 2114 1432 &
2134 1381 2288 1434 hanc
2310 1383 2406 1434 ad-

204 1456 443 1518 iungere
457 1450 812 1516 satagebam;
826 1452 1044 1514 vixque
1059 1449 1147 1501 bis
1162 1450 1256 1502 vel
1269 1457 1356 1502 ter
1368 1451 1572 1503 Venus
1586 1454 1707 1504 iam
1722 1452 2118 1504 Instrumentis
2134 1454 2409 1506 denotata

206 1530 343 1585 erat,
370 1523 468 1576 vbi
494 1539 567 1575 ex
592 1521 912 1587 improuiso
939 1520 1182 1574 Stellam
1212 1522 1516 1586 quandam
1545 1522 1971 1584 subobscuram,
2002 1526 2152 1575 inter
2177 1525 2407 1577 Andro-

204 1596 394 1648 medae
426 1600 602 1658 atque
631 1594 848 1645 Arietis
876 1592 1235 1654 AsterismOS,
1267 1596 1434 1646 iuxta
1465 1594 1683 1646 Piscem
1712 1595 2023 1646 Borealem
2054 1595 2166 1647 sese
2198 1603 2409 1660 praeter

204 1666 435 1720 solitum
464 1665 877 1726 ostendentem,
909 1680 1045 1717 cum
1070 1665 1301 1717 nullam
1328 1665 1681 1718 eiuscemodi
1707 1666 1824 1718 illic
1851 1667 1953 1718 esse
1981 1673 2248 1731 oportere
2276 1667 2408 1719 satis

204 1735 563 1804 perspectum
583 1736 883 1798 haberem,
905 1736 1533 1798 animaduerteremuS,
1556 1753 1690 1802 quae
1707 1740 1884 1790 etiam
1898 1737 2137 1790 subinde
2152 1738 2409 1790 radiolos

96 1820 175 1863 175
206 1809 489 1876 quosdam
508 1809 584 1861 ad
603 1803 929 1877 ver-ssticem
946 1823 1184 1860 exerere
1200 1809 1562 1861 cernebatur.
1585 1809 1797 1873 Neque
1813 1812 1972 1861 enim
1988 1810 2410 1874 Crepusculum

116 2184 161 2220 2⁵

118 2896 163 2932 35

119 3251 165 3288 40

205 1881 597 1947 vespertinum
610 1883 731 1933 iam
744 1879 877 1932 satis
891 1882 1267 1945 praeterierat,
1283 1887 1343 1932 vt
1355 1880 1549 1933 Steuae
1561 1883 1759 1933 minus
1771 1881 2097 1945 conspicuae
2111 1881 2410 1933 euidenter

207 1953 681 2006 discernerentur.
710 1951 887 2016 Coepi
912 1954 1111 2016 itaque
1138 1951 1322 2004 statim
1352 1968 1488 2004 cum
1513 1955 1661 2003 meis
1682 1952 1959 2004 Studiosis
1982 1951 2096 2004 hoc
2116 1952 2410 2004 insolitum

207 2024 661 2077 Phoenomenon
673 2039 778 2088 per
791 2022 1179 2076 Instrumenta
1193 2024 1475 2083 demetiri‚
1495 2024 1547 2076 &
1563 2027 1664 2075 vix
1679 2023 1872 2088 elapso
1888 2023 2053 2075 horae
2069 2024 2409 2088 quadrante,

206 2094 567 2161 deprehendi
587 2111 660 2147 ex
679 2101 847 2147 motu
867 2097 1011 2156 eiuS,
1034 2110 1213 2159 quem
1227 2095 1323 2147 vel
1335 2095 1566 2147 tantillo
1581 2102 1844 2160 tempore
1859 2095 2190 2147 sensibiliter
2205 2095 2409 2147 altera-

206 2168 321 2229 bat,
347 2173 470 2220 tam
495 2166 927 2228 Declinatione‚
956 2182 1139 2231 quam
1159 2166 1448 2219 Distantia
1473 2183 1509 2219 a
1535 2167 1579 2218 F
1582 2169 1692 2219 ixis
1718 2166 1994 2218 nonnihil
2019 2169 2261 2227 variata,
2288 2182 2412 2218 non

206 2241 548 2305 genuinum,
574 2238 670 2290 sed
695 2237 1005 2290 ascititium
1031 2238 1333 2302 quoddam
1355 2254 1386 2290 e
1408 2238 1794 2291 Cometarum
1820 2253 2071 2289 numero
2096 2237 2267 2290 Sidus
2294 2240 2410 2289 exi·
2449 2284 2453 2286 .

206 2310 363 2372 stere,
389 2316 516 2362 vtut
541 2309 732 2362 cauda
757 2309 861 2361 illa
885 2312 1136 2371 tenuior,
1166 2326 1348 2374 quam
1373 2310 1494 2375 post
1516 2309 1856 2375 Crepusculi
1879 2308 2061 2360 finem
2087 2311 2411 2373 promptius

207 2381 576 2442 monstrabat,
594 2387 734 2433 tunc
747 2384 846 2433 vix
861 2381 1047 2433 oculis
1061 2384 1471 2446 perciperetur.
1494 2381 1669 2433 Mitto
1685 2387 1884 2433 autem
1898 2380 1962 2432 T.
1980 2380 2167 2432 Celfit.
2182 2379 2411 2431 seorfim

207 2455 270 2505 in
294 2450 521 2506 adiec'ta
545 2452 749 2505 charta
774 2452 1017 2505 breuem
1045 2454 1349 2518 quandam
1377 2452 1633 2505 eiusdem
1660 2452 1926 2505 Cometae
1953 2451 2410 2516 descriptionem,

210 2540 242 2577 e
266 2527 415 2577 meis
441 2524 964 2585 obseruationibuS,
996 2539 1145 2589 quas
1171 2525 1419 2589 adeptus
1444 2524 1586 2585 sum,
1619 2540 1690 2575 ex
1715 2531 1978 2588 tempore
2006 2522 2058 2574 &
2083 2522 2413 2574 festinanter

209 2598 640 2657 concinnatam,
667 2611 850 2661 quam
870 2612 1007 2648 cum
1027 2596 1223 2648 vestris
1244 2595 1688 2648 aduerfionibus
1709 2594 1973 2647 conferre
1993 2593 2199 2645 licebit.
2228 2593 2411 2658 Rogo-

209 2683 341 2732 que,
355 2674 416 2720 vt
425 2666 490 2719 T.
504 2666 694 2720 Celfit.
709 2666 866 2720 hanc
880 2667 1136 2720 nostram
1149 2667 1516 2719 voluntatem
1529 2667 1671 2719 boni
1685 2665 1961 2718 consulat.
1977 2665 2221 2716 Veneris
2236 2663 2414 2716 Stella

208 2745 330 2791 toto
344 2738 664 2791 Februario
680 2738 733 2791 &
747 2738 970 2791 Martio
984 2740 1256 2800 interdiu,
1273 2742 1450 2791 etiam
1465 2741 1527 2790 in
1540 2738 1662 2802 ipso
1677 2737 1929 2789 Meridie
1944 2738 2230 2800 apparuit,
2254 2735 2412 2799 quod

209 2813 272 2862 in
289 2810 582 2875 posterum
602 2826 841 2875 quoque
861 2826 969 2876 pro
989 2813 1203 2862 maiori
1217 2810 1439 2875 Aprilis
1453 2816 1616 2874 parte
1630 2808 1894 2860 futurum
1909 2808 2119 2859 iudico,
2142 2807 2201 2859 Si
2215 2809 2412 2870 itaque

209 2880 275 2934 T.
306 2881 494 2935 Celfit.
525 2880 987 2934 Mathematicus
1018 2882 1104 2934 illi
1136 2882 1536 2942 obseruandae,
1570 2888 1691 2933 tam
1722 2879 1990 2938 interdiu,
2025 2894 2206 2942 quam
2236 2875 2414 2929 11οᾶ11

211 2968 454 3018 operam
473 2953 737 3005 sedulam
756 2956 1022 3014 nauauit,
1044 2954 1368 3006 admodum
1390 2960 1762 3018 oportunam,
1784 2951 1855 3003 de
1877 2952 2071 3014 quinis
2085 2949 2198 3000 illis
2213 2949 2412 3000 Minu-

210 3026 298 3085 tis,
329 3024 541 3090 quibus
567 3027 631 3076 in
656 3025 1147 3090 Longitudinibus
1177 3024 1493 3077 Stellarum
1523 3023 1862 3082 differimuS,
1894 3019 2244 3073 decernendi
2273 3021 2412 3072 arri-

210 3098 336 3160 puit
361 3095 580 3148 ansam.
608 3096 696 3148 Ex
722 3112 843 3161 quo
869 3103 992 3148 tam
1010 3097 1215 3148 Venus
1237 3112 1419 3160 quam
1439 3095 1540 3148 Sol
1560 3095 1710 3147 adeo
1730 3093 2003 3145 sublimes
2023 3091 2414 3144 obseruationi

211 3169 521 3231 patuerint,
546 3174 607 3220 vt
633 3166 1072 3220 Refrad'tionum
1097 3168 1532 3231 impedimentis
1557 3169 1657 3218 vix
1682 3165 2136 3229 implicarentur.
2164 3162 2291 3213 Nec
2312 3155 2413 3213 du-

210 3238 347 3298 bito,
369 3240 515 3303 quin
527 3238 623 3290 vel
641 3239 796 3300 inde,
817 3238 1081 3291 adhibita
1100 3238 1292 3290 solerti
1306 3234 1817 3302 circumspec‘tione
1832 3234 2100 3299 colligere
2115 3233 2298 3293 detur,
2319 3247 2413 3283 me

212 3308 665 3375 Longitudinem
694 3310 976 3362 Fixarum
1004 3325 1388 3374 nequaquam
1417 3309 1562 3360 iusto
1590 3308 1723 3372 plus
1753 3306 2094 3370 anticipasse.
2128 3303 2412 3357 Constitu-

214 3394 377 3432 eram
389 3380 454 3433 T.
472 3380 660 3433 Celflt.
683 3382 756 3434 de
775 3380 868 3433 his
890 3381 1166 3433 omnibus
1186 3383 1348 3444 prius
1364 3380 1624 3438 scribere,
1645 3394 1748 3444 per
1762 3378 2124 3499 Mercssores
2138 3374 2413 3497 npstriates

1995 3461 2174 3499 ranco
2199 3460 2269 3497 ur
2311 3459 2412 3495 um
