2748 4204
1035 270 1285 323 LIBER
1313 270 1637 324 PRIMUS
2343 279 2435 331 139

229 419 430 466 tamen
450 414 526 466 ob
545 413 606 466 id
625 414 936 465 necessario
957 411 1346 477 consequitur,
1373 412 1605 476 prorsus
1626 414 1870 476 nullam,
1898 420 2125 469 ratione
2145 433 2435 483 vaporum

230 487 293 536 in
323 484 427 536 tali
456 484 784 536 Altitudine
816 482 945 535 fieri
978 490 1248 548 oportere
1279 481 1725 545 Refradtionem‚
1758 486 2041 551 siquidem
2073 489 2436 542 interstitium

230 570 522 621 vaporum
547 554 632 606 23.
655 554 934 606 milliaria
959 553 1063 606 sua
1089 557 1409 619 capacitate
1436 555 1778 619 adaequans,
1806 573 1928 609 non
1948 559 2178 611 videtur
2203 561 2435 625 prorsus

229 625 586 679 insufficiens
606 625 682 677 ad
702 624 1145 691 refringendum
1164 624 1604 690 aliquantulum
1625 626 1937 680 Stellarum
1958 631 2171 690 radim,
2196 638 2298 684 aut
2316 631 2358 683 fi
2376 633 2435 684 id

159 717 181 750 5
231 697 473 750 concedi
492 699 718 762 poterit,
743 702 968 761 quanto
987 699 1175 762 magis
1195 699 1258 748 in
1278 695 1606 748 diuersitate
1627 697 2086 762 Diaphanorum
2106 701 2363 755 AEtheris
2383 703 2435 755 &

228 769 402 821 Aeris
420 783 545 820 non
564 767 723 820 idem
743 768 1099 828 admittatur,
1122 783 1195 819 ex
1216 782 1336 832 quo
1356 766 1486 818 haec
1503 769 1567 818 in
1583 768 1686 819 tali
1700 769 2026 823 Altitudine
2040 772 2226 825 multo
2242 773 2435 826 adhuc

228 841 522 892 minorem
554 839 630 891 ob
663 838 866 891 causas
902 838 1077 903 supra
1114 839 1400 890 indicatas
1438 841 1663 903 ingerat
1702 839 2109 895 differentiam.
2148 844 2437 897 Praeterea

230 910 451 963 etiamsi
470 910 826 962 concedatur
844 909 1075 962 nullam
1094 909 1327 975 prorsus
1347 908 1476 960 fieri
1497 924 1570 960 ex
1591 910 1891 963 occafione
1906 912 2250 966 diuerfitatis
2264 916 2436 968 A’e'ris

229 982 281 1034 &
300 980 561 1033 AEtheris
581 979 1030 1041 Refratstionem,
1057 980 1153 1033 sed
1180 995 1424 1032 omnem
1450 995 1482 1031 e
1508 980 1642 1032 solis
1668 983 1988 1046 vaporibus
2014 987 2300 1050 originem
2324 993 2435 1039 tra-

141 1070 182 1105 10
230 1052 389 1114 here,
419 1059 620 1105 tamen
649 1068 774 1104 non
799 1053 1110 1104 necessario
1138 1053 1213 1104 ob
1239 1052 1298 1103 id
1324 1051 1676 1116 sequeretur,
1708 1052 1943 1105 Caelum
1969 1054 2156 1118 ipsum
2183 1072 2255 1108 ex
2281 1058 2435 1109 Aere

231 1124 574 1177 elementari
601 1123 653 1175 &
679 1123 942 1184 animali,
969 1126 1052 1175 vti
1077 1124 1181 1175 tibi
1205 1123 1413 1188 placet,
1441 1122 1723 1184 constare;
1753 1124 1932 1188 potest
1960 1128 2118 1177 enim
2144 1133 2308 1180 tanta
2334 1130 2436 1180 esse
2459 1151 2464 1154 ·

230 1194 690 1260 Diaphanorum
716 1194 1031 1247 fimilitudo
1059 1194 1112 1246 &
1137 1196 1424 1255 vicinitaS‚
1451 1200 1778 1258 mutuaque
1799 1199 2109 1257 connexi0,
2130 1204 2190 1250 vt
2210 1198 2436 1251 Refrac-

229 1269 453 1319 tionem
472 1266 718 1327 nullam,
740 1281 877 1331 quae
892 1281 930 1318 a
942 1266 1114 1318 nobis
1133 1268 1505 1331 percipiatur,
1525 1267 1731 1330 pariat,
1753 1266 1978 1319 lumine
1994 1268 2307 1321 Stellarum
2325 1270 2436 1322 for-

229 1340 360 1391 titer
372 1345 686 1402 vtrumque
701 1336 1094 1403 Diaphanum
1107 1345 1470 1402 penetrante.
1486 1337 1699 1401 Neque
1715 1340 1875 1389 enim
1889 1338 2190 1392 statuimus
2205 1340 2438 1393 Caelum

138 1427 179 1461 15
229 1424 261 1461 e
289 1409 439 1461 dura
465 1408 518 1461 81
542 1411 837 1474 imperuia
865 1408 1271 1474 perspicuitate
1299 1407 1575 1469 constare,
1602 1415 1662 1460 vt
1688 1408 1950 1461 Alhasen
1976 1410 2028 1461 &
2054 1411 2307 1473 Vitellio,
2338 1415 2438 1476 qui

228 1483 555 1533 maximam
581 1480 657 1532 ob
682 1481 741 1532 id
761 1480 1026 1533 accidere
1047 1477 1480 1533 Refrac'tionem
1504 1478 1709 1532 frustra
1735 1481 2121 1543 crediderunt,
2147 1482 2243 1535 sed
2268 1483 2436 1547 liqui-

229 1551 516 1604 dissimum
543 1553 647 1604 esse
673 1551 863 1617 ipsum
882 1551 1131 1604 AEthera
1152 1551 1204 1603 &
1224 1552 1586 1612 rarissimum,
1614 1551 1904 1616 nullisque
1924 1553 2180 1606 realibus
2201 1555 2439 1607 orbibus

230 1629 586 1684 contextum,
608 1623 1116 1688 quemadmodum
1129 1630 1193 1675 tu
1209 1625 1389 1675 etiam
1402 1638 1638 1674 mecum
1652 1625 1871 1686 optime
1885 1623 2074 1685 sentiS‚
2097 1624 2148 1676 &
2168 1625 2300 1678 licet
2317 1626 2437 1691 ipso

229 1695 386 1747 Aere
405 1692 717 1759 perfectius
737 1695 1022 1760 quiddam
1040 1694 1121 1750 fit.
1148 1702 1350 1747 tamen
1371 1697 1525 1746 circa
1545 1694 1985 1754 Reuolutiones,
2012 1696 2330 1760 praesertim
2351 1697 2436 1749 lu-

135 1782 180 1817 20
228 1781 419 1827 nareS,
440 1766 562 1818 Aer
581 1766 678 1818 hic
698 1766 1074 1818 elementaris
1088 1766 1240 1819 adeo
1256 1765 1561 1826 exaltatur,
1577 1772 1638 1817 vt
1652 1765 1814 1830 quafi
1828 1768 1891 1817 in
1903 1766 2248 1820 AEtheream
2260 1768 2437 1820 trans-

226 1840 434 1904 migret
463 1837 853 1899 substantiam,
892 1838 1147 1902 ideoque
1180 1836 1645 1902 Diaphanorum
1682 1838 2154 1902 imperceptibilis
2192 1838 2438 1891 efficitur

229 1908 545 1970 diuersitas,
575 1916 636 1962 vt
663 1911 826 1974 prius
857 1912 1036 1962 etiam
1066 1908 1391 1961 indicatum
1421 1908 1512 1960 est.
1545 1907 1683 1971 Quo
1709 1924 1852 1961 vero
1878 1910 2000 1961 Aer
2025 1909 2224 1962 Terrae
2254 1913 2437 1975 magis

230 1983 682 2051 appropinquat,
707 1996 779 2033 eo
798 1983 998 2033 minus
1019 1980 1091 2033 de
1111 1980 1396 2033 AEtherea
1415 1986 1631 2032 natura
1649 1982 1972 2044 participat,
1999 1981 2242 2046 plusque
2263 1981 2438 2034 habet

230 2051 604 2104 elementaris
630 2051 946 2117 qualitatis,
974 2051 1027 2104 &
1052 2051 1444 2104 nihilominus
1474 2051 1799 2103 admodum
1827 2051 2046 2104 subtilis
2074 2051 2126 2103 &
2151 2068 2319 2104 rarus
2347 2053 2436 2112 est,

135 2139 180 2174 25
228 2130 289 2178 vt
307 2122 515 2175 lumen
535 2123 852 2176 Stellarum
871 2123 1042 2176 facile
1064 2124 1117 2176 81
1136 2121 1432 2176 irrefracte
1458 2122 1820 2183 transmittat,
1848 2123 1954 2175 nifi
1973 2123 2172 2175 Terrae
2191 2126 2439 2175 vicinior

229 2194 419 2255 fuerit,
439 2194 538 2247 vbi
556 2210 661 2260 per
680 2211 932 2261 vapores
953 2195 1358 2255 condensatur,
1378 2194 1783 2259 turbidiorque
1804 2195 2078 2247 redditur.
2108 2194 2220 2247 Sed
2241 2195 2312 2246 de
2334 2195 2437 2247 Re·

230 2263 612 2319 fradtionibus
630 2266 786 2319 vnde
807 2269 1104 2328 eueniant,
1132 2283 1213 2320 an
1232 2266 1436 2319 saltem
1454 2266 2002 2318 intermediantibus
2021 2266 2355 2330 vaporibus,
2380 2274 2438 2318 vt

231 2336 334 2390 tibi
351 2337 599 2399 videtur,
627 2354 707 2391 an
726 2354 868 2390 vero
895 2354 1020 2390 non
1045 2338 1236 2390 solum
1255 2338 1330 2390 ab
1351 2337 1460 2398 his,
1488 2337 1583 2389 sed
1611 2339 1789 2389 etiam
1809 2337 2183 2401 aliquatenus
2204 2352 2277 2389 ex
2297 2337 2436 2390 Dia-

232 2408 573 2474 phanorum
597 2409 856 2462 AEtheris
886 2409 939 2461 81
964 2410 1139 2462 Aeris
1172 2409 1572 2474 discrepantia,
1602 2411 1787 2460 mixta
1816 2409 2077 2473 quadam
2105 2411 2349 2467 ratione,
2378 2416 2438 2460 vt

139 2495 186 2530 30
233 2479 383 2532 mihi
398 2479 604 2545 placet,
625 2481 831 2534 frustra
842 2488 1148 2546 tantopere
1164 2481 1541 2546 disputamuS,
1562 2479 1846 2544 liquidem
1860 2479 1931 2531 de
1945 2486 2113 2531 motu
2127 2479 2437 2532 caelestium

232 2567 549 2617 corporum
573 2551 942 2614 restituend0‚
972 2552 1212 2618 ipsaque
1236 2552 1613 2604 Astronomia
1637 2567 1675 2604 a
1699 2551 1929 2602 mendis
1955 2551 2326 2616 repurganda
2351 2553 2435 2602 in-

231 2622 663 2689 staurandaque
692 2624 1032 2690 principalis
1062 2627 1253 2690 agitur
1282 2623 1539 2688 quaesti0,
1574 2622 1626 2674 &
1658 2622 1789 2674 licet
1821 2622 1960 2674 huic
1992 2623 2302 2674 intentioni
2331 2621 2435 2674 Re-

231 2692 585 2747 fradiionum
617 2698 871 2761 cognitio
903 2697 1244 2748 necessarias
1276 2694 1501 2747 adferat
1532 2694 1839 2759 suppetiaS,
1880 2693 2040 2757 quod
2070 2692 2189 2745 fine
2222 2691 2437 2745 harum

118 2773 196 2816 111
230 2769 648 2830 praecautione‚
663 2767 928 2831 ipfissima
942 2767 1258 2820 Stellarum
1271 2766 1402 2819 loca
1417 2764 1642 2818 caelitus
1655 2764 1865 2816 deduci
1876 2759 1897 2832 ΙΙ
1908 2770 2222 2828 nequeant,
2237 2770 2437 2816 tamen

137 2852 183 2887 35
232 2839 374 2901 quia
392 2836 599 2890 sufficit
619 2838 1040 2891 Astronomum
1059 2839 1199 2890 scire
1221 2853 1403 2903 quam
1423 2836 1538 2889 alte
1559 2834 1995 2888 Refractionum
2017 2835 2437 2900 impedimenta

231 2908 560 2970 ascendant,
575 2909 628 2962 &
643 2917 867 2974 quanta
880 2913 943 2962 in
958 2913 1126 2962 certis
1141 2907 1564 2961 Altitudinibus
1577 2906 1809 2967 fuerint,
1824 2907 1922 2958 vbi
1935 2906 2253 2971 praesertim
2264 2907 2436 2958 Aetis

231 2978 430 3031 fimilis
456 2979 509 3032 &
534 2980 842 3033 inconfusa
867 2980 1146 3034 affulserit
1171 2981 1464 3040 serenitaS‚
1494 2979 1709 3031 idcirco
1735 2978 1890 3030 vnde
1917 2975 2312 3030 Refradtiones
2340 2977 2436 3029 hae

231 3054 603 3115 proueniant,
631 3068 711 3104 an
731 3052 950 3118 duplici
970 3052 1066 3105 vel
1086 3055 1265 3105 etiam
1283 3054 1458 3103 vnica
1478 3050 1549 3102 de
1570 3048 1759 3110 causa,
1786 3064 1911 3102 non
1936 3049 2190 3101 multum
2209 3048 2437 3101 interest

230 3120 512 3174 subtiliter
531 3122 584 3174 81
603 3124 941 3190 ambiguose
962 3124 1299 3189 disceptare:
1329 3121 1853 3186 Quemadmodum
1878 3119 2000 3185 ipsa
2025 3122 2203 3172 etiam
2222 3120 2294 3172 de
2314 3135 2435 3171 ma-

138 3209 183 3243 4ο
231 3195 379 3246 teria
398 3193 551 3246 Caeli
570 3195 828 3260 quaestio,
856 3211 981 3248 non
1003 3197 1238 3260 proprie
1259 3193 1335 3246 ad
1354 3193 1691 3245 Astronomi
1711 3191 2061 3244 decifionem
2085 3193 2355 3256 pertinet;
2382 3190 2436 3242 Is

233 3266 395 3316 enim
419 3280 544 3317 non
570 3266 713 3330 quid
738 3266 802 3318 fit
822 3266 1075 3327 Caelum,
1104 3265 1157 3318 &
1182 3264 1336 3317 vnde
1362 3264 1538 3328 ipfius
1563 3263 1865 3329 splendida
1890 3278 2139 3327 corpora
2164 3261 2434 3322 constent,

231 3334 327 3388 sed
346 3335 549 3388 saltem
568 3338 872 3403 quomodo
887 3340 1091 3390 omnia
1105 3336 1236 3389 haec
1249 3341 1623 3397 moueantur,
1645 3349 1718 3387 ex
1733 3332 2255 3387 obseruationibus
2269 3335 2435 3384 certis
2524 3355 2526 3357 ·

379 3417 444 3453 18·
2054 3402 2435 3469 peruestigare
