2748 4204
403 343 504 393 224
749 335 1352 390 EPISTOLARUM
1377 336 2208 390 ASTRONOMICARUM

401 479 565 531 facile
591 493 691 541 per
715 476 893 527 solam
918 476 1030 526 loci
1055 478 1450 535 mutationem,
1477 482 1649 539 atque
1669 474 1849 528 victus
1875 478 2176 535 rationem,
2202 476 2429 540 prorsus
2455 493 2548 530 ex·

400 550 595 612 tirpari
621 552 849 609 queant,
877 560 1008 596 eum
1029 543 1080 594 8(
1101 544 1542 604 Galenistarum,
1568 552 1691 596 vtut
1709 545 1839 596 satis
1858 545 2091 596 verbose
2119 545 2170 596 8(
2195 545 2453 599 affectate
2479 547 2549 599 de

400 618 489 667 his
505 616 554 667 8(
568 615 839 666 fimilibus
854 614 1232 665 disserentium
1251 614 1662 665 medicationes
1682 614 1840 677 quafi
1861 629 1931 665 ex
1951 613 2068 665 alto
2089 614 2411 678 despiciant.
2433 617 2548 668 Ne-

400 702 510 749 que
538 688 692 735 enim
718 687 856 734 citra
880 698 1003 734 rem
1028 682 1217 734 aiebat
1242 683 1711 746 incomparabilis
1729 683 1825 734 ille
1847 683 2281 736 Germanorum
2299 684 2549 737 Philoso-

398 754 547 818 phus
568 753 617 804 8(
638 753 917 811 MedicuS‚
938 768 975 803 a.
994 751 1435 815 quamplurimis
1455 754 1620 803 citius
1639 753 1995 816 improbatus
2015 769 2193 817 quam
2214 753 2549 816 intellectu&

397 822 687 874 Aureolus
715 821 1156 885 Theophrastus,
1186 821 1524 872 Tartaream
1553 823 1779 873 Roades
1810 829 2108 886 nequeunt
2139 839 2340 875 curare
2368 824 2548 877 Poda-

396 908 572 957 gram,
597 907 698 955 per
718 891 942 942 Roades
968 890 1090 953 (suo
1115 905 1277 941 more
1302 890 1508 942 ludens
1533 893 1595 941 in
1614 891 1933 954 vocabulis)
1960 893 2131 944 rudes
2152 892 2549 958 &inexpertos

397 961 658 1013 Medicos
677 960 1012 1024 intelligenS.
1034 959 1456 1011 Excellentiora
1471 959 1606 1011 sane
1621 960 1672 1011 8(
1685 960 2055 1024 praesentiora
2070 962 2165 1014 hic
2179 966 2550 1027 requiruntur

396 1031 839 1089 Medicamenta,
873 1045 1050 1093 quam
1079 1029 1302 1093 Syrupi,
1335 1036 1508 1092 atque
1538 1028 1807 1090 Decoe'ta,
1840 1030 2180 1096 Pillulaeque
2211 1039 2311 1084 aut
2340 1033 2549 1086 similes

396 1100 865 1164 Seplafiariorum
885 1102 1129 1162 impurae
1146 1098 1196 1149 8(
1211 1098 1462 1150 confusae
1481 1101 1789 1150 mixtiones
1808 1100 2167 1164 suppeditare
2187 1111 2416 1166 queant.
2439 1103 2549 1156 Sed

396 1171 465 1221 de
484 1169 590 1228 his,
613 1184 745 1220 cum
764 1169 997 1220 alterius
1017 1168 1121 1219 fint
1139 1170 1369 1232 negotij,
1389 1168 1559 1231 plura
1577 1184 1700 1220 non
1719 1169 1947 1222 addam.
1960 1165 1982 1238 ΙΙ

463 1239 591 1290 Fuit
605 1246 799 1290 autem
815 1238 987 1301 ipfius
1001 1237 1498 1289 ROTHMANNI
1512 1240 1753 1290 accessus
1766 1238 1912 1291 mihi
1925 1243 2188 1305 inprimis
2201 1248 2410 1306 gratuS,
2430 1249 2550 1295 tam

394 1310 549 1372 quod
564 1325 599 1359 a
612 1308 675 1359 T.
691 1308 875 1360 Celfit.
891 1306 1034 1358 mihi
1050 1307 1579 1367 commendabatur,
1601 1324 1779 1372 quam
1793 1311 1950 1373 quod
1966 1310 2150 1374 ipsum
2170 1312 2244 1363 ob
2264 1315 2550 1377 egregiam

394 1378 445 1429 8(
475 1380 815 1441 penitiorem
843 1378 999 1428 Artis
1027 1377 1442 1428 Astronomicae
1475 1377 1526 1428 8(
1557 1393 1752 1429 rerum
1781 1379 2332 1433 Mathematicarum
2361 1385 2548 1447 cogni-

392 1450 610 1498 tionem
634 1447 868 1510 plurimi
892 1447 1112 1510 semper
1137 1446 1386 1498 fecerim.
1413 1447 1659 1510 Inspexit
1685 1448 1780 1499 ille
1801 1452 2001 1501 omnia
2020 1466 2153 1502 mea
2171 1451 2549 1504 Instrumenta

392 1516 804 1576 Astronomica,
826 1517 895 1567 de
916 1517 1123 1580 quibus
1140 1516 1374 1579 ipsemet
1388 1517 1461 1568 ad
1475 1516 1539 1569 T.
1556 1517 1741 1569 Celfit.
1757 1518 1977 1571 referet.
1999 1520 2090 1571 De
2106 1520 2300 1572 Globo
2316 1537 2548 1586 quoque

394 1586 753 1638 Orichalcico
774 1586 1208 1650 quadrupedali,
1229 1586 1322 1637 vel
1341 1589 1533 1651 potius
1552 1587 1821 1651 ampliori
1842 1591 1903 1639 in
1922 1589 2220 1650 diametro,
2241 1606 2416 1655 quem
2428 1592 2549 1643 Au-

391 1662 774 1719 tomatopaeus
793 1655 856 1706 T.
880 1655 1000 1707 Cel.
1031 1658 1150 1707 iam
1177 1671 1298 1720 prae
1326 1657 1598 1708 manibus
1626 1656 1815 1717 habet,
1844 1674 1940 1710 me
1970 1663 2270 1712 certiorem
2297 1660 2443 1713 fecit.
2472 1662 2550 1712 At

391 1740 609 1785 vereor,
635 1732 694 1777 vt
717 1725 837 1776 sola
861 1728 1188 1777 tornatione
1215 1741 1351 1777 eum
1371 1727 1445 1778 ad
1466 1725 1728 1779 exactam
1747 1729 2158 1781 rotunditatem
2175 1730 2548 1795 vndiquaque

390 1796 678 1858 perducat.
709 1795 771 1846 Id
801 1796 958 1858 quod
985 1810 1167 1854 meus,
1198 1798 1299 1859 qui
1326 1799 1511 1847 maior
1537 1796 1728 1848 adhuc
1755 1797 1843 1858 est,
1872 1805 2064 1863 vtpote
2092 1799 2425 1863 sexpedaliS,
2454 1815 2548 1852 me

389 1865 519 1916 satis
542 1865 823 1928 superque
849 1865 1056 1917 docuit.
1087 1865 1198 1917 Sed
1226 1866 1346 1929 ipsa
1371 1869 1726 1930 experientia
1751 1870 1813 1918 in
1838 1867 1929 1919 his
1956 1867 2007 1920 8(
2031 1868 2305 1921 similibus
2330 1873 2550 1934 optima

392 1937 494 1985 erit
514 1934 799 1998 Magistra.

461 2004 760 2066 Quantum
788 2005 861 2055 ad
887 2004 1112 2056 Statum
1137 2005 1317 2070 Regni
1341 2005 1514 2057 nostri
1539 2009 1754 2067 attinet,
1781 2011 1982 2060 omnia
2006 2008 2213 2069 adhuc,
2240 2009 2442 2061 diuino
2467 2009 2547 2061 fa-

389 2089 547 2133 uore,
562 2081 684 2125 tuta
698 2074 749 2125 8(
762 2081 967 2138 pacata
984 2074 1126 2126 sunt.
1143 2075 1532 2127 Serenissimus
1547 2077 1668 2128 Rex
1681 2077 1866 2128 noster
1880 2077 2091 2130 electus
2104 2078 2368 2142 prospere
2383 2080 2547 2144 degit,

390 2143 441 2194 8(
455 2159 586 2195 cum
601 2144 778 2208 Regni
793 2144 1134 2196 Primatibus
1149 2161 1305 2196 nunc
1322 2148 1384 2196 in
1399 2146 1675 2211 Cymbria
1695 2150 1928 2199 comitia
1946 2151 2179 2213 peragit,
2201 2164 2333 2212 quae
2353 2155 2549 2201 tamen

389 2212 538 2264 hisce
565 2214 764 2265 diebus
789 2213 1086 2266 finiuntur.
1114 2215 1233 2279 Ego
1258 2231 1392 2267 meo
1417 2231 1580 2267 more
1605 2216 1798 2282 Rudijs
1824 2218 2096 2282 indulgeo
2118 2218 2546 2283 philosophicis,

389 2291 672 2347 quantum
690 2299 793 2347 per
813 2284 957 2335 alias
977 2288 1386 2349 occupationes
1405 2294 1579 2350 atque
1599 2294 1986 2339 auocamenta
2004 2288 2148 2339 licet.
2177 2288 2345 2340 Liber
2363 2288 2549 2340 noster

388 2356 606 2416 primus
638 2357 1024 2405 recentiorum
1055 2355 1187 2406 coeli
1212 2355 1654 2407 Phaenomenon
1683 2356 1801 2408 fere
1834 2364 2151 2409 extremam
2178 2357 2548 2423 Typographi

387 2438 630 2474 manum
649 2423 829 2488 subijt,
850 2424 944 2475 sed
963 2424 1171 2489 Papyri
1185 2426 1548 2489 impressoriae
1563 2425 1815 2478 defedtus
1828 2443 2120 2479 remoram
2134 2428 2408 2492 aliquam,
2430 2443 2547 2492 quo

386 2495 579 2544 minus
604 2494 831 2557 prorsus
857 2493 1149 2546 absolutus
1174 2494 1252 2555 fit,
1279 2498 1487 2547 iniecit.
1515 2496 1671 2547 Licet
1697 2499 1854 2548 enim
1879 2497 2112 2561 ipsemet
2138 2500 2200 2549 in
2225 2497 2336 2549 hac
2359 2498 2549 2550 Insula

388 2562 764 2614 Moletrinam
782 2578 888 2627 pro
902 2564 1128 2629 Papyro
1149 2564 1511 2617 conficienda
1529 2581 1651 2617 non
1669 2570 1867 2630 paruis
1885 2567 2162 2619 sumtibus
2183 2570 2368 2619 extrui
2388 2569 2548 2619 cura-

387 2634 511 2692 rim,
549 2639 746 2684 tamen
778 2649 910 2684 cum
943 2633 1298 2698 Chartopaeo
1330 2635 1543 2687 idoneo
1576 2636 1857 2697 destituar,
1897 2637 2044 2688 nihil
2081 2637 2272 2689 adhuc
2308 2637 2547 2702 subfidij,

388 2709 670 2765 quantum
688 2703 761 2754 ad
775 2704 983 2768 Papyri
1003 2707 1505 2768 praeparationem,
1526 2705 1662 2757 hinc
1683 2706 1940 2758 obtinere
1959 2706 2133 2759 licuit.
2154 2707 2334 2771 Spero
2352 2714 2549 2759 tamen

386 2786 480 2822 me
494 2772 656 2823 breui
672 2788 703 2824 e
716 2775 905 2824 vicina
920 2773 1245 2826 Germania
1259 2775 1604 2827 eiuscemodi
1623 2775 1902 2828 artificem
1922 2777 2307 2836 obtenturum,
2329 2780 2428 2841 qui
2447 2792 2549 2842 per

387 2841 686 2893 instantem
714 2843 1023 2907 Hyemem‚
1057 2859 1128 2895 ea
1159 2860 1291 2908 quae
1324 2844 1728 2906 desiderantur,
1762 2844 2124 2899 confecturus
2151 2846 2234 2907 fit;
2267 2846 2455 2911 sicque
2486 2849 2548 2898 in

388 2910 533 2961 libro
553 2911 654 2962 illo
674 2912 998 2964 deficientia
1016 2913 1277 2978 supplere
1298 2915 1673 2967 commodum
1694 2919 1813 2968 erit.

457 2980 657 3044 Scripfi
687 2984 836 3033 circa
864 2985 1093 3034 initium
1124 2987 1396 3047 praeteriti
1424 2985 1641 3049 Aprilis
1670 2992 1787 3037 tuae
1817 2985 2169 3045 Celfitudini,
2202 2986 2272 3037 de
2303 2986 2548 3038 Cometa

388 3049 562 3101 huius
579 3051 755 3110 Anni,
777 3055 876 3114 qui
896 3053 1074 3115 paulo
1095 3060 1227 3104 ante
1248 3054 1531 3115 illuxerat,
1551 3070 1785 3119 vnaque
1806 3058 1929 3107 eius
1948 3054 2290 3108 succinctam
2309 3055 2545 3120 descrip-

387 3122 605 3170 tionem
618 3135 647 3170 e
661 3121 860 3172 nostris
876 3121 1388 3175 obseruationibus
1402 3124 1726 3177 deriuatam
1738 3125 2030 3186 transmifi,
2050 3132 2221 3190 prout
2236 3141 2339 3190 per
2354 3125 2547 3177 literas

387 3189 461 3240 ad
487 3189 1079 3242 ROTHMANNVM
1106 3199 1278 3244 antea
1304 3194 1467 3245 datas
1491 3209 1586 3245 me
1611 3193 1897 3247 facturum
1922 3195 2209 3259 pollicitus
2235 3210 2410 3247 eram.
2437 3195 2545 3246 Ve-

387 3274 533 3319 rum,
554 3274 687 3310 cum
705 3260 776 3311 ab
792 3260 999 3311 eodem
1011 3277 1167 3312 nunc
1181 3263 1513 3327 intelligam,
1534 3265 1592 3315 id
1607 3265 1881 3328 quicquid
1896 3271 2033 3326 erat,
2047 3264 2111 3316 T.
2128 3265 2312 3317 Celfit.
2327 3267 2548 3316 interea

386 3343 507 3379 non
528 3329 628 3379 esse
649 3329 950 3389 redditum,
971 3333 1032 3381 in
1051 3333 1253 3382 itinere
1273 3333 1603 3385 intercidisse
1623 3334 1883 3398 suspicor.
1907 3334 2129 3386 Curaui
2143 3334 2546 3455 itaque-dffimo

2295 3419 2389 3455 eiu
2453 3419 2545 3454 em

2601 1119 2642 1154 10

2584 1250 2664 1293 194

2601 1467 2641 1502 15
2732 1445 2741 1448 '⁷

2596 2163 2640 2198 25

2596 2513 2642 2548 30

2593 3188 2661 3245 4⁰.
