2748 4204
113 926 189 970 191

135 994 178 1030 10

135 1291 176 1327 15

78 1887 176 1929 ν25

128 2482 174 2523 ³5

130 2779 176 2882 ’μδ

130 3076 177 3112 45

1025 310 1271 366 LIBER
1299 311 1622 365 PRIMUS
2335 315 2427 367 221

226 452 560 502 uniformem,
595 450 636 492 8ι
668 449 892 494 diuisum
923 449 1296 504 duplicemque
1315 451 1613 497 ‚attribuere
1644 452 1684 494 8ι
1713 453 1895 504 uoluit,
1929 454 1970 496 ἃ
2003 454 2192 508 potuit:
2228 454 2433 509 Quique

224 512 400 556 Terrae
420 511 641 565 pigrum,
664 509 907 561 crassum,
928 508 969 550 81
990 509 1060 552 ad
1078 509 1373 552 motionem
1394 510 1711 554 circularem
1730 515 2147 568 perpetuamque
2166 514 2311 557 haud
2324 514 2432 558 ido-

225 583 387 615 neum
412 580 622 624 corpus,
652 569 742 612 sua
768 568 1044 612 stabilitate
1068 567 1326 620 fundauit,
1361 571 1418 611 ut
1443 569 1497 612 in
1522 574 1838 625 perpetuum
1864 583 1971 615 non
1998 576 2295 624 moueatur,
2328 585 2432 628 quo

225 630 363 681 hinc,
395 632 655 683 tanquam
687 640 754 672 ex
785 628 976 672 Centro
1011 627 1324 682 quiescente,
1359 628 1656 672 Coelestium
1689 641 1992 684 corporum,
2030 644 2151 686 quae
2182 632 2358 677 lucida
2390 634 2432 677 ἃ

224 689 391 745 ignea,
423 688 509 732 sed
538 686 982 741 inconsumptibili
1008 686 1323 742 compagine
1350 687 1604 740 constant,
1636 701 1862 743 quaeque
1888 690 2111 735 motioni
2136 692 2433 736 celerrima-3

225 748 519 792 admodum
545 749 671 802 apta
698 746 826 797 sunt,
856 746 1142 801 sponteque
1167 746 1307 789 hanc
1336 749 1604 801 appetunt,
1637 748 1899 791 curricula
1926 750 2192 804 stupenda,
2224 752 2265 794 ἃ
2293 751 2434 795 inde-

225 807 349 852 fessa
369 805 719 861 contemplari
737 805 932 857 liceret,
956 805 1236 860 Diuinique
1258 805 1499 849 Numinis
1521 807 1865 859 Maiestatem,
1894 810 2037 863 quafi
2058 810 2111 852 in
2132 810 2340 864 speculo
2362 811 2433 858 in-

223 866 372 910 tueri.
400 867 636 921 Apparet
659 865 853 919 itaque,
881 865 1143 908 infinitum
1169 865 1333 916 illum,
1363 865 1404 907 81
1429 865 1746 909 immensum
1770 867 2047 921 Opificem,
2076 881 2199 912 cum
2226 870 2432 914 finitum

224 926 383 978 hunc,
405 926 446 969 ἃ
467 925 621 969 metis
639 924 985 968 terminatum
1005 925 1267 967 mundum
1286 925 1605 977 condidisset,
1622 923 1642 984 ΙΙ
1658 926 1764 969 duo
1780 927 2014 970 maxime
2029 929 2297 972 contraria
2310 930 2431 973 huic

224 985 470 1037 indidisse,
500 985 709 1029 Motum
727 984 989 1035 uidelicet,
1011 984 1053 1027 ἃ
1073 983 1332 1035 Quietem.
1361 984 1422 1026 Et
1442 984 1566 1038 quia
1585 987 1763 1028 motus
1790 986 2134 1040 praestantior,
2163 988 2204 1030 8ι
2231 988 2433 1043 dignior

225 1046 284 1088 fit
294 1045 483 1100 quiete,
500 1044 773 1100 magisque
786 1043 975 1095 uitalis,
993 1043 1133 1087 cessit
1146 1043 1189 1087 is
1203 1042 1569 1098 praestantiori,
1586 1044 1626 1086 ἃ
1642 1044 1862 1099 digniori
1875 1046 2012 1099 parti
2027 1046 2224 1098 mundi,
2240 1059 2432 1103 nempe

226 1103 437 1159 Regioni
455 1103 751 1147 AEthereae:
780 1103 1019 1158 Cumque
1045 1103 1251 1146 Coelum
1271 1102 1586 1146 Vniuersum
1612 1104 1733 1147 loco
1760 1105 1801 1147 ἃ
1827 1107 2068 1159 tempore
2093 1106 2300 1149 finitum
2327 1107 2433 1161 qui-

225 1165 349 1208 dem
378 1163 452 1216 fit,
483 1163 570 1207 sed
598 1162 818 1214 infinito,
848 1161 1140 1206 incredibili
1169 1162 1529 1217 magnitudine
1556 1163 1596 1205 81
1623 1163 1949 1218 perennitate
1979 1164 2161 1208 simile:
2195 1166 2345 1218 adeo,
2376 1170 2433 1209 ut

226 1222 567 1267 Diuinitatem
588 1222 861 1277 quandam
882 1222 950 1266 ob
970 1221 1024 1265 id
1044 1222 1092 1265 ei
1113 1222 1399 1265 attribuere
1419 1233 1527 1266 non
1548 1222 1798 1266 dubitarit
1818 1223 2082 1278 Stagirita:
2111 1225 2432 1269 conueniens

226 1283 387 1331 etiam
416 1285 545 1333 erat,
575 1284 784 1326 motum
812 1281 968 1336 ipsius
999 1281 1127 1325 Coeli
1155 1281 1470 1325 infinitatem
1501 1282 1774 1336 quandam
1802 1294 1915 1337 prae
1944 1283 1995 1326 se
2024 1283 2178 1335 ferre,
2208 1284 2432 1339 ideoque

224 1345 373 1386 tanta
399 1341 678 1396 rapiditate
704 1341 1027 1385 Naturaliter
1052 1340 1194 1393 cieri,
1224 1344 1282 1384 ut
1307 1341 1556 1396 cogitatio
1582 1341 1759 1385 nostra
1784 1354 1908 1386 eam
1933 1342 2023 1385 uix
2050 1343 2242 1398 assequi
2268 1344 2430 1398 possit,

225 1401 344 1457 ipfis
369 1401 596 1446 sensibus
624 1401 710 1444 hic
738 1400 957 1444 omnino
984 1400 1482 1456 obstupescentibus,
1513 1401 1554 1444 8ι
1583 1404 1791 1445 motum
1820 1402 2158 1453 celerrimum
2185 1415 2217 1446 a
2243 1403 2431 1458 quiete,

226 1461 316 1505 nisi
345 1460 457 1516 post
486 1460 702 1515 aliquod
728 1460 984 1516 temporis
1013 1460 1368 1513 interuallum,
1399 1471 1506 1504 non
1536 1460 1962 1506 discernentibus.
1989 1462 2155 1505 Tanta
2185 1462 2433 1506 nimirum

227 1520 402 1565 Diuini
434 1519 675 1564 Numinis
706 1519 988 1575 Sapientia,
1023 1523 1083 1563 ut
1114 1518 1406 1564 intelledtus
1442 1520 1708 1563 humanus
1739 1520 1826 1564 hic
1860 1521 2150 1565 obmuteat.
2191 1521 2433 1573 Quietem

225 1591 354 1624 uero
376 1579 545 1624 motui
563 1579 890 1624 contrariam
909 1579 1103 1631 Terrae,
1129 1580 1196 1622 ad
1219 1580 1470 1623 Centrum
1489 1579 1725 1623 Vniuerfi
1747 1581 1855 1624 fitae
1875 1580 2060 1624 indidit
2080 1581 2286 1635 opifex,
2314 1593 2434 1625 ean-

225 1640 453 1694 demque
474 1638 917 1689 absolutissimam,
938 1639 1030 1682 nisi
1052 1642 1312 1694 quatenus
1333 1651 1397 1683 ea
1417 1639 1470 1682 in
1488 1640 1538 1683 se
1552 1640 1676 1694 ipsa,
1701 1639 1905 1694 suisque
1920 1641 2182 1684 nonnullis
2196 1641 2432 1695 partibus

223 1699 354 1744 uiuit
373 1700 414 1743 δι
433 1701 727 1754 uegetatur:
760 1699 938 1754 quoad
956 1702 1130 1743 totum
1149 1702 1347 1751 tamen,
1374 1699 1484 1754 ipsa
1509 1699 1563 1742 in
1590 1699 1639 1742 se
1666 1700 1963 1743 constanter
1985 1704 2262 1755 permanet
2282 1701 2434 1756 super

225 1770 305 1811 ea,
334 1771 440 1814 qua
459 1758 681 1802 fundata
701 1758 787 1812 est,
818 1758 1110 1811 stabilitate,
1139 1771 1246 1814 qua
1271 1770 1378 1802 non
1402 1759 1705 1802 monebitur
1725 1763 1847 1802 ante
1866 1759 2213 1803 uniuersitatis
2234 1760 2433 1804 dissolu-

223 1818 444 1862 tionem:
476 1818 666 1873 Sicque
685 1818 863 1871 Terra,
888 1821 1146 1873 tanquam
1173 1818 1379 1873 patiens
1400 1818 1441 1861 81
1463 1818 1748 1873 quiescens,
1778 1819 1904 1862 Caeli
1927 1819 2126 1874 agentis
2146 1820 2187 1862 81
2207 1820 2433 1863 reuoluti

223 1877 379 1930 uireS,
413 1889 477 1927 ac
510 1877 740 1922 influxus
773 1879 842 1922 ad
874 1878 1125 1922 Centrum
1156 1878 1432 1922 tendentes
1465 1878 1804 1922 commodius
1835 1878 2034 1933 recipit,
2076 1882 2233 1933 atque
2266 1880 2432 1923 altera

224 1937 410 1985 Mundi
421 1949 562 1993 pars,
583 1941 700 1981 utut
713 1938 950 1990 minima,
969 1950 1078 1982 non
1090 1937 1357 1982 immerito
1374 1939 1523 1981 fimul
1539 1938 1724 1982 existit:
1742 1950 1867 1982 cum
1880 1942 1959 1982 tot
1971 1942 2224 1993 tantaque
2238 1941 2432 1993 praeter

223 1997 513 2042 animantia
540 1997 632 2053 ipsi
661 1998 800 2042 coelo
830 1999 1057 2053 analoga
1086 1997 1370 2042 contineat.
1400 1998 1632 2053 Ideoque
1659 1998 1909 2052 scriptum
1936 1998 2022 2050 est,
2054 1998 2263 2042 Creauit
2288 1998 2432 2042 Deus

224 2056 428 2100 Coelum
457 2057 497 2100 ἃ
526 2057 761 2110 Terram,
793 2057 886 2101 ubi
912 2057 1074 2101 Terra
1103 2058 1287 2109 altera,
1318 2058 1359 2101 81
1389 2057 1536 2101 Coelo
1567 2058 1711 2112 quafi
1741 2057 2066 2102 conferenda
2097 2058 2280 2100 Mundi
2308 2069 2432 2112 pars

223 2116 477 2168 censetur,
506 2116 547 2159 &
571 2116 916 2172 praedicatur:
945 2116 1056 2161 Nec
1082 2116 1242 2161 instar
1265 2116 1470 2160 minimi
1490 2117 1779 2169 cuiusdam,
1806 2117 1916 2160 imo
1938 2117 2160 2169 obscuri,
2184 2117 2224 2159 81
2245 2116 2432 2173 abJec'ti

222 2175 354 2220 Astri
378 2177 553 2233 (prout
578 2176 679 2220 fert
700 2176 1060 2232 Hypotypofis
1081 2176 1426 2234 Copernicea)
1452 2177 1695 2233 abijcitur
1721 2180 1812 2221 aut
1837 2176 2121 2232 negligitur.
2151 2176 2431 2232 Duplicem

222 2247 353 2279 uero
385 2235 679 2281 caelestibus
710 2236 864 2280 inesse
898 2239 1123 2288 motum,
1158 2248 1284 2280 cum
1311 2237 1352 2279 81
1378 2236 1523 2280 circa
1548 2238 1700 2291 polos
1727 2237 1877 2288 duos,
1906 2237 1946 2279 δι
1973 2236 2205 2280 diuersos
2233 2236 2432 2280 absolui

222 2295 480 2347 uideatur,
496 2295 845 2341 Prouidentiae
860 2295 1069 2339 Diuinae
1083 2296 1136 2339 in
1149 2296 1302 2340 usum
1317 2296 1537 2339 Naturae
1552 2296 1798 2348 conditae,
1815 2295 2026 2350 placuit.
2047 2295 2158 2339 Nec
2174 2296 2431 2339 absonum

223 2354 308 2407 est,
332 2355 574 2407 alterum,
597 2355 686 2410 qui
705 2355 777 2400 est
795 2355 1036 2408 uniuersi,
1060 2356 1302 2411 adeoque
1318 2356 1479 2400 totius
1494 2355 1635 2407 Caeli,
1659 2368 1690 2399 a
1711 2355 1960 2399 limitibus
1976 2356 2158 2406 Lunae,
2180 2355 2341 2409 usque
2362 2355 2431 2399 ad

223 2425 288 2458 ea
314 2413 497 2467 sidera,
531 2426 653 2469 quae
683 2414 847 2458 affixa
875 2426 1154 2467 uocamus,
1187 2415 1333 2460 circa
1362 2416 1514 2459 Polos
1545 2415 1743 2467 Mundi,
1779 2416 1883 2458 fiue
1911 2414 2222 2469 AEquatoris
2253 2414 2431 2469 uiginti

224 2476 453 2528 quatuor
479 2473 625 2519 horis
651 2475 719 2518 ab
747 2477 866 2525 ortu
891 2474 946 2518 in
971 2476 1224 2520 occasum
1250 2475 1527 2519 celerrime
1554 2475 1900 2519 conuolutum
1927 2474 2057 2517 alias
2085 2474 2432 2529 particulares

223 2533 509 2581 caelestium
535 2545 825 2589 corporum
852 2534 1116 2579 motiones
1139 2535 1373 2579 diuersas
1393 2535 1460 2578 ab
1483 2535 1676 2579 occasu
1695 2534 1749 2577 in
1770 2537 1945 2578 ortum
1964 2533 2102 2577 intra
2124 2533 2173 2576 se
2193 2544 2433 2588 compre-

222 2592 471 2645 hendere,
505 2593 766 2638 Diuinitus
798 2593 979 2647 indita,
1011 2595 1052 2638 81
1082 2595 1226 2650 quali
1258 2594 1580 2638 Naturaliter
1608 2594 1886 2649 congenita
1915 2592 2163 2637 motionis
2196 2593 2430 2647 quadam

222 2652 494 2708 Analogia,
516 2653 558 2696 ἃ
578 2654 1017 2698 concomitantia:
1040 2655 1134 2706 Ita,
1156 2657 1214 2698 ut
1234 2654 1378 2709 quod
1397 2654 1488 2709 ipfi
1504 2654 1646 2697 Caelo
1661 2653 2020 2697 uniuersaliter
2034 2652 2162 2703 insit,
2185 2651 2431 2695 omnibus

225 2723 436 2767 quoque
456 2712 568 2761 eius
588 2713 842 2767 partibus,
869 2716 1052 2769 utpote
1078 2714 1265 2757 lucidis
1283 2714 1337 2756 in
1357 2725 1422 2757 eo
1444 2713 1757 2768 corporibus
1776 2725 1883 2755 una
1903 2723 2190 2756 commune
2211 2712 2284 2762 lit,
2311 2711 2430 2766 ipfis

222 2774 405 2817 tamen
417 2772 656 2826 partibus
671 2773 880 2817 seorsim
897 2773 1047 2817 simul
1061 2785 1156 2828 per
1171 2774 1221 2817 se
1234 2773 1485 2817 motionis
1499 2774 1668 2827 legem
1684 2771 2103 2816 obseruantibus:
2127 2770 2248 2814 Non
2265 2770 2429 2822 aliter,

225 2843 385 2886 quam
418 2831 472 2875 in
504 2831 705 2876 Oceani
735 2832 977 2888 piscibus,
1016 2834 1101 2876 uel
1132 2832 1283 2877 Aeris
1315 2832 1622 2877 uolucribus
1658 2832 1713 2887 (fi
1745 2843 1914 2886 parua
1951 2831 2072 2874 licet
2107 2840 2430 2884 componere

223 2890 447 2949 magnis)
467 2892 870 2946 quodammodo
890 2892 1007 2936 fieri
1026 2893 1243 2936 constat.
1274 2893 1422 2936 Licet
1443 2892 1584 2935 enim
1604 2892 1851 2935 uolucres
1871 2890 2008 2933 aeris
2028 2889 2196 2933 motui
2216 2888 2428 2944 obnoxij

225 2950 334 3002 sint,
355 2953 414 2994 ut
433 2950 474 2993 δι
493 2951 659 3006 pisces
679 2951 881 2995 Oceani
899 2952 1066 2995 fluxui
1086 2964 1151 2996 ac
1172 2952 1413 3004 refluxui,
1437 2955 1673 2995 attamen
1692 2954 1805 2993 tam
1826 2962 1969 3001 aues,
1993 2961 2155 3003 quam
2175 2948 2340 3003 pisces
2360 2948 2432 2990 ni-

223 3009 509 3057 hilominus
527 3010 801 3066 propriam
818 3011 1101 3055 obseruant
1115 3011 1526 3066 promotionem,
1550 3022 1655 3065 quo
1670 3009 1924 3053 naturalis
1938 3012 2099 3052 uocat
2113 3008 2428 3063 appetentia.

223 3068 424 3113 Verum
443 3069 563 3114 haec
580 3069 635 3113 in
651 3070 946 3115 coelestibus
960 3071 1156 3115 coelesti
1177 3071 1430 3126 quodam,
1453 3071 1494 3113 δι
1514 3072 1667 3124 longe
1686 3069 1973 3120 uiuaciore‚
1995 3067 2430 3122 exquisitioreque

226 3128 389 3178 modo
423 3129 686 3182 eueniunt,
727 3142 890 3185 quam
922 3131 976 3174 in
1007 3130 1366 3174 animantibus
1397 3129 1740 3181 terrestribus,
1780 3129 1866 3172 uel
1900 3127 2184 3182 aequoreis:
2225 3127 2357 3172 Cum
2390 3126 2431 3168 8ι

226 3188 430 3235 Coelum
460 3188 756 3237 ‚animatum
789 3190 904 3243 esse,
937 3190 1152 3245 ipsaque
1185 3189 1413 3233 coelestia
1443 3201 1674 3244 corpora
1703 3187 1993 3231 animantia
2023 3186 2274 3241 quaedam
2304 3185 2431 3228 Coeh

225 3246 371 3291 uitali
398 3247 574 3303 spiritu
599 3249 841 3304 praedita,
871 3261 980 3293 non
1009 3250 1106 3293 abs
1135 3261 1192 3292 re
1220 3249 1415 3292 senfisse
1440 3249 1684 3292 uideatur
1710 3247 1902 3291 Diuina
1926 3246 2017 3289 illa
2041 3244 2430 3289 Platonicorum

224 3306 568 3362 Philosophia.
600 3308 905 3352 Secundum
933 3309 1099 3361 illum,
1131 3310 1172 3352 δι
1199 3320 1436 3352 annuum
1461 3308 1638 3351 Terrae
1666 3319 1698 3351 a
1724 3305 2089 3350 COPERNICO
2120 3304 2430 3348 attributum

226 3368 434 3410 motum
464 3366 668 3411 sublato
698 3368 886 3413 diurno
916 3380 1011 3423 per
1040 3369 1090 3411 se
1116 3368 1467 3411 frustraneum
1493 3367 1608 3419 esse,
1638 3366 1748 3409 iam
1774 3368 1930 3409 antea
1958 3364 2205 3407 diximus:
2238 3362 2430 3405 Nihilo-

2231 3426 2428 3475 minus
