2730 4212
363 326 464 377 352
600 346 603 349 *
883 314 1554 369 ANNOTATIONES
1581 311 1975 366 EDITORIS

361 462 532 501 Ionem
547 457 738 499 Ursum
758 453 1096 508 appellavisse
1114 452 1184 493 ait
1195 451 1374 504 Tycho
1393 450 1459 506 (p.
1481 450 1646 506 179,22)‚
1667 450 1818 504 hujus
1833 446 2053 491 convicii
2067 448 2339 488 auctorem
2353 446 2501 490 Roth-

360 538 608 569 mannum
628 524 897 578 perhibere
917 521 1245 564 commodius
1264 520 1485 562 fortasse
1505 520 1551 562 ei
1570 519 1739 562 visum
1760 521 1850 560 est.
1879 515 2257 559 Gravissimum
2280 516 2501 570 denique

360 599 450 645 est,
481 595 618 647 quod
646 594 697 634 in
724 592 938 645 epistula
964 589 1274 632 Rothmanni
1297 590 1346 631 d.
1372 589 1429 630 22
1453 601 1523 630 m.
1551 589 1675 642 Aug.
1705 600 1750 630 a.
1782 586 1892 628 1589
1917 586 2040 628 data
2065 585 2197 627 inter
2223 587 2387 629 multa
2414 587 2500 630 illa

359 664 532 713 verba,
563 674 680 715 quae
705 662 756 702 in
780 659 1037 713 Tychonis
1063 659 1285 700 editione
1310 658 1683 708 desiderantur,
1713 667 1809 698 nos
1833 666 1960 697 vero
1989 654 2122 696 infra
2150 655 2201 696 in
2230 659 2404 699 annot.
2433 658 2500 699 ad

358 745 404 785 p.
431 732 561 782 183‚1³
580 743 644 773 ex
665 729 972 772 Rothmanni
991 728 1231 780 exemplo
1252 739 1411 768 manu
1432 727 1623 780 scripto
1645 725 1944 774 afferemus,
1968 724 2154 766 eadem
2175 725 2413 768 convicia
2431 726 2501 768 in-

358 801 641 849 veniuntur,
664 811 780 851 quae
794 799 895 840 hoc
910 799 1027 839 loco
1041 797 1244 850 publice
1259 797 1462 849 prolata
1476 799 1607 838 sunt.
1631 795 1736 837 Illic
1752 794 1891 836 enim
1904 805 2010 836 non
2023 795 2194 836 solum
2212 795 2500 848 »impurum

356 870 522 910 illum«
555 869 745 910 Ursum
775 868 997 920 appellat
1026 866 1395 915 Rothmannus‚
1425 865 1518 907 sed
1545 865 1703 907 etiam
1735 864 2097 906 »collectorem
2126 862 2417 907 literarum«
2448 866 2500 908 in

355 938 608 990 Tychonis
630 936 971 990 typographia
991 946 1104 977 sese
1125 934 1301 988 egisse,
1331 934 1524 977 Ursum
1544 933 1824 988 jactavisse
1850 933 1935 984 ait,
1965 932 2105 986 quod
2131 943 2252 975 cum
2276 933 2353 985 iis,
2381 946 2500 988 quae

355 1008 418 1049 de
434 1007 566 1049 Urso
581 1009 758 1048 narrat
770 1005 946 1058 Tycho
966 1004 1032 1059 (p.
1053 1004 1217 1059 179,34),
1241 1003 1453 1046 minime
1473 1003 1722 1057 congruit.
1745 1003 1925 1055 Itaque
1938 1002 2117 1055 Tycho
2133 1002 2372 1055 opinatus
2386 1015 2499 1047 esse

354 1077 568 1126 videtur,
597 1075 857 1117 neminem
886 1074 981 1116 sibi
1005 1073 1130 1115 vitio
1159 1084 1272 1115 esse
1301 1073 1559 1123 daturum,
1589 1072 1632 1114 si
1657 1072 1819 1115 verba
1846 1071 2157 1114 Rothmanni
2182 1072 2247 1114 de
2274 1073 2408 1116 Urso
2435 1085 2500 1116 ex

355 1145 454 1187 alia
479 1145 693 1198 epistula
718 1144 769 1185 in
795 1144 951 1185 aliam
975 1142 1333 1192 transtulisset,
1366 1142 1530 1194 »quod
1556 1142 1684 1184 alias
1709 1152 1802 1194 per
1820 1152 1877 1183 se
1895 1141 2043 1183 nefas
2061 1141 2286 1193 fuisset«,
2313 1145 2369 1184 ut
2390 1144 2499 1197 ipse

354 1215 423 1256 ait
436 1215 486 1256 in
500 1214 714 1267 epistula
727 1213 827 1263 illa,
844 1224 946 1265 qua
960 1212 1149 1254 librum
1164 1223 1315 1253 suum
1332 1211 1574 1253 Mauritio
1587 1211 1915 1264 Landgravio
1930 1211 2268 1253 commendat
2280 1211 2346 1267 (p.
2361 1213 2496 1268 14,2s).

354 1284 488 1325 Nam
514 1283 681 1337 ipsum
703 1282 1085 1324 Rothmannum
1111 1281 1337 1334 primum
1364 1293 1410 1322 a.
1436 1280 1547 1322 1586
1572 1280 1806 1334 epistulae
1831 1292 1942 1322 suae
1968 1281 2213 1333 quaedam
2240 1282 2499 1325 addidisse

353 1354 416 1395 de
432 1353 580 1403 Urso,
602 1352 784 1394 deinde
805 1363 849 1392 a.
871 1350 980 1392 1589
1000 1362 1063 1392 ex
1084 1351 1247 1392 altera
1267 1350 1484 1403 epistula
1503 1351 1668 1392 multa
1688 1349 1939 1392 delevisse
1957 1350 2022 1392 de
2036 1350 2222 1392 eodem
2241 1351 2391 1402 Urso,
2412 1352 2499 1394 vix

351 1426 427 1464 est
446 1422 776 1464 credendum.
799 1421 876 1462 De
895 1420 1086 1462 ultione
1107 1419 1288 1470 atroci,
1310 1431 1469 1472 quam
1490 1420 1555 1462 de
1574 1420 1687 1473 ipso
1705 1422 1755 1462 et
1769 1419 2098 1462 Rothmanno
2118 1420 2368 1473 petiturus
2389 1426 2501 1464 erat

353 1492 528 1541 Ursus,
559 1502 679 1532 curn
708 1490 759 1531 in
786 1490 917 1531 libro
947 1489 1056 1530 »De
1085 1488 1464 1531 astronomicis
1492 1488 1917 1542 hypothesibus«
1946 1489 2141 1544 (Pragae
2170 1489 2299 1546 1597)
2324 1494 2501 1533 contu-

350 1560 528 1602 melias
554 1560 836 1601 acerrimas
860 1559 911 1600 in
938 1559 1124 1601 ambos
1150 1559 1417 1612 ingereret,
1443 1558 1697 1600 nihildum
1716 1558 1895 1612 Tycho
1921 1559 2285 1612 suspicabatur
2308 1559 2391 1616 (cf.
2415 1573 2501 1602 an-

348 1633 450 1671 not.
474 1630 540 1671 ad
560 1642 606 1682 p.
634 1628 797 1684 179,21).
826 1654 881 1659 —
907 1629 985 1670 De
1011 1628 1467 1670 commendatione
1497 1628 1734 1670 »Domini
1754 1640 1785 1670 a
1806 1628 2058 1679 Donaw«,
2086 1640 2246 1682 quam
2271 1640 2500 1672 comme—

347 1702 517 1740 morat
538 1698 891 1740 Rothmannus
910 1699 991 1740 vel
1013 1709 1134 1739 eum
1154 1700 1665 1740 commemorantem
1684 1697 1809 1739 facit
1827 1698 2023 1750 Tycho,
2046 1698 2169 1740 nihil
2189 1702 2409 1742 constat.

415 1769 480 1809 ad
500 1779 547 1820 p.
569 1767 693 1823 62‚14]
716 1767 879 1821 HuJus
900 1767 1131 1820 epistulae
1152 1767 1451 1820 exemplum
1471 1767 1701 1820 primum
1722 1767 1988 1822 Marpurgi
2007 1771 2319 1811 asservatur.

416 1837 482 1878 ad
501 1849 548 1890 p.
570 1836 694 1892 63‚19]
716 1836 1083 1889 Haec'epistula
1106 1836 1369 1890 Marpurgi
1388 1840 1707 1888 asservatum
1734 1837 1788 1878 in
1814 1848 2001 1879 aversa
2027 1838 2227 1880 chartae
2246 1841 2394 1891 parte
2414 1851 2499 1881 an-

346 1909 581 1948 notatum
601 1909 696 1948 est:
724 1906 1069 1948 »Praesentatae
1091 1906 1311 1948 Cassellis
1330 1906 1387 1948 29
1408 1907 1577 1961 Martij
1599 1907 1750 1949 Anno
1771 1906 1870 1949 87«.

415 1976 481 2017 ad
501 1987 547 2028 p.
569 1975 681 2031 68,1]
704 1975 800 2017 Hic
820 1975 995 2028 incipit
1015 1976 1130 2018 cod.
1147 1975 1561 2018 Vindobonensis
1586 1976 1726 2018 10689
1736 1978 1782 2028 ¹⁰,
1804 1976 1890 2018 fol.
1915 1976 2063 2028 l4r-V,
2085 1978 2383 2031 exemplum
2404 1978 2499 2031 pri-

345 2057 489 2085 mum
509 2044 665 2097 ipsius
684 2044 943 2098 Tychonis
963 2057 1123 2086 manu
1142 2046 1408 2099 scriptum,
1433 2046 1647 2099 paginas
1666 2045 1776 2088 fere
1796 2046 2035 2099 quinque,
2058 2058 2178 2100 quae
2197 2050 2496 2100 sequuntur,

346 2124 623 2166 occupans,
644 2115 735 2156 sed
755 2115 918 2156 multo
939 2114 1161 2165 brevius,
1184 2127 1342 2168 quam
1362 2118 1544 2168 postea
1565 2115 1835 2157 elaborata
1856 2119 1934 2158 est
1952 2116 2185 2169 epistula.

414 2184 481 2225 ad
500 2195 547 2236 p.
569 2183 693 2239 6839]
715 2184 791 2226 De
806 2195 981 2226 errore
994 2196 1087 2226 sex
1100 2184 1435 2236 minutorum,
1453 2185 1539 2238 qui
1553 2185 1604 2226 in
1618 2185 2017 2238 longitudinibus
2032 2186 2269 2228 Cassellis
2283 2187 2498 2240 repertis

345 2256 573 2305 apparet,
595 2253 695 2295 vid.
717 2256 843 2295 tom.
867 2254 886 2294 I
907 2265 955 2306 p.
978 2253 1129 2295 XLV.

414 2323 479 2364 ad
499 2334 546 2375 p.
569 2322 693 2379 69,ι9]
720 2323 816 2365 Hic
844 2323 1100 2365 memoria
1124 2323 1427 2377 Tychonem
1454 2323 1660 2375 defecit;
1693 2336 1817 2366 nam
1843 2324 1945 2367 hoc
1972 2326 2133 2368 modo
2159 2326 2498 2379 longitudines

343 2393 608 2433 stellarum
627 2404 916 2445 numquam
937 2392 1167 2434 definivit
1187 2393 1518 2446 Copernicus.

413 2461 479 2502 ad
498 2473 546 2514 p.
568 2461 680 2517 70,⁷]
701 2462 765 2503 cf.
787 2465 912 2504 tom.
935 2462 980 2503 11
1002 2474 1049 2515 p.
1077 2462 1157 2504 162
1176 2474 1286 2516 sqq.
1310 2466 1359 2505 et
1378 2466 1505 2506 tom.
1527 2464 1572 2505 X
1591 2475 1639 2517 p.
1666 2464 1748 2505 154
1767 2476 1877 2517 sqq.

412 2531 478 2572 ad
498 2542 546 2583 p.
568 2531 692 2587 70,³4]
713 2532 777 2574 cf.
799 2535 925 2574 tom.
948 2532 968 2573 1
989 2544 1036 2585 p.
1059 2532 1267 2574 XXXIX
1286 2544 1361 2586 sq.

412 2599 478 2640 ad
498 2611 545 2652 p.
568 2600 777 2656 71‚12]cf.
799 2604 925 2643 tom.
949 2602 992 2642 ΙΙ
1013 2614 1061 2654 p.
1088 2602 1169 2643 170
1189 2613 1299 2655 sqq.

413 2669 479 2710 ad
498 2680 546 2721 p.
568 2670 692 2726 71,2s]
712 2671 984 2713 Abrachus
1002 2671 1102 2726 (vel
1122 2671 1287 2713 simile
1308 2672 1448 2728 quid)
1468 2673 1606 2725 apud
1623 2673 1822 2716 Arabes
1841 2673 2132 2715 vocabatur
2146 2672 2492 2727 Hipparchus.

413 2739 478 2779 ad
499 2750 546 2791 p.
568 2739 692 2795 71‚³⁴]
711 2740 855 2782 Tom.
879 2741 922 2782 11
943 2752 1026 2793 pp.
1048 2740 1280 2783 234—236
1299 2743 1489 2792 stellas,
1517 2754 1636 2795 quae
1659 2746 1789 2785 teste
1809 2743 2089 2785 Ptolemaeo
2115 2743 2167 2784 in
2191 2746 2335 2785 recta
2360 2743 2495 2786 linea

343 2808 424 2848 vel
454 2807 599 2849 aliter
627 2810 809 2861 positae
838 2812 1000 2859 erant,
1031 2821 1126 2852 suo
1156 2822 1362 2864 quoque
1389 2814 1628 2865 tempore
1655 2813 1844 2854 eodem
1873 2812 2034 2855 modo
2062 2813 2193 2854 inter
2218 2823 2273 2854 se
2298 2813 2494 2866 positas

344 2887 455 2918 esse
474 2877 651 2930 Tycho
673 2879 909 2921 ostendit.

413 2946 479 2987 ad
499 2957 546 2998 p.
569 2946 692 3003 72,ι4]
714 2949 769 2989 In
789 2949 1006 3001 epistula
1026 2961 1186 2991 manu
1205 2950 1398 3003 scripta
1423 2950 1496 2993 sic
1522 2951 1722 3005 legitur:
1756 2963 1940 3004 »quam
1968 2950 2221 2993 minutula
2246 2951 2346 2993 hac
2373 2951 2495 2994 obli-

344 3015 598 3067 quationis
619 3016 848 3070 Signiferi
868 3018 1157 3060 diuersitate
1177 3018 1481 3062 immutatas
1502 3023 1646 3063 certo
1667 3020 1905 3063 constet«.
1928 3019 2001 3062 Cf.
2016 3023 2143 3063 tom.
2160 3021 2204 3062 II
2219 3032 2267 3074 p.
2282 3020 2368 3062 234
2382 3032 2492 3074 sqq.

344 3084 538 3138 Colligit
564 3089 738 3128 autem
758 3087 935 3140 Tycho
956 3087 1007 3129 in
1025 3091 1152 3130 tom.
1175 3088 1219 3129 II
1241 3100 1288 3141 p.
1311 3088 1395 3131 247
1419 3100 1483 3131 ex
1503 3089 1855 3132 latitudinibus
1876 3102 1907 3131 a
1925 3090 2249 3141 Timochare,
2279 3090 2495 3143 Hippar-

343 3153 461 3203 cho,
490 3155 768 3198 Ptolemaeo
796 3157 1024 3210 repertis,
1056 3158 1121 3200 ab
1147 3158 1353 3200 illorum
1382 3162 1538 3200 aetate
1563 3159 1614 3201 in
1641 3171 1793 3201 suam
1819 3171 1875 3201 re
1900 3170 2026 3201 vera
2051 3159 2355 3201 immutatas
2381 3170 2494 3202 esse

343 3224 605 3265 stellarum
637 3225 943 3276 latitudines,
982 3227 1158 3279 »idque
1190 3227 1478 3269 secundum
1510 3229 1901 3282 proportionem
1930 3228 2149 3270 variatae
2181 3228 2494 3281 obliquitatis

345 3292 645 3345 Eclipticae«.
672 3294 846 3346 Neque
866 3299 1042 3336 tamen
1063 3308 1156 3349 pro
1178 3300 1321 3338 certo
1342 3297 1443 3339 hoc
1466 3297 1732 3340 affirmare
1753 3297 1994 3348 audebat,
2017 3300 2067 3340 et
2087 3309 2132 3339 a.
2159 3297 2269 3340 1599
2286 3298 2353 3340 ad
2368 3297 2494 3340 Her·
