2748 4204
396 330 498 380 202
744 323 1347 376 EPISTOLARUM
1373 320 2204 374 ASTRONOMICARUM

393 466 537 517 mihi
557 471 655 515 aut
674 464 773 514 tibi
792 462 1087 525 suffragari
1106 461 1257 512 velit.
1286 461 1397 512 Sed
1416 461 1543 512 haec
1564 475 1680 523 quo
1701 459 1804 510 fint
1823 458 2094 509 habenda
2111 457 2241 509 loco
2261 464 2324 509 tu
2343 458 2546 509 intelli-

392 539 489 598 gis.
525 533 687 584 Nihil
718 531 1016 582 confilium
1047 530 1158 589 hic,
1190 530 1338 581 nihil
1368 530 1631 580 humana
1658 528 1811 579 valet
1839 527 2174 578 authoritas,
2208 526 2547 579 Doctrinam

391 602 837 665 Triangulorum
863 603 963 663 qui
988 599 1264 663 intelligit,
1291 600 1392 650 sua
1416 599 1613 662 sponte
1639 601 1701 648 in
1719 612 1919 647 veram
1943 597 2185 660 pedibus
2209 597 2310 648 ibit
2328 596 2546 648 senten-

391 675 544 722 tiam.
572 671 662 720 Tu
687 670 776 720 fac
802 668 1163 731 responfione
1188 675 1305 728 tua,
1331 675 1390 719 vt
1415 668 1490 719 ad
1515 667 1854 718 dulcissimas
1879 665 2096 717 nostras
2119 665 2547 730 Philosophicas

391 741 795 803 disputationes
814 738 1135 788 redeamus,
1157 738 1268 789 Sed
1287 738 1506 788 fortasse
1525 737 1656 800 plus
1677 750 1856 799 quam
1874 735 1955 786 sat
1975 742 2110 787 erat.
2131 735 2222 786 Tu
2241 738 2410 800 igitur
2426 737 2546 788 No-

390 810 537 860 biliss.
566 809 617 858 8(
642 807 1006 858 Excellentiss.
1031 807 1145 857 Dn.
1167 806 1442 857 TYCHO
1470 821 1648 868 quam
1675 807 1890 868 optime
1915 805 2061 865 vale,
2089 820 2338 869 quaeque
2363 805 2548 869 scripfi

388 882 448 929 in
469 880 747 941 optimam
769 883 991 940 partem
1010 879 1220 939 accipe.
1250 875 1517 935 CasseHiS,
1544 875 1592 925 6.
1615 874 1908 926 Calendas
1926 874 2180 938 Augusti,
2206 875 2384 926 Anno
2404 875 2545 927 1589.

1412 954 2475 1077 CHRISTOPHORESTIQOTHMANNVS.

1100 1144 1397 1204 AVTOR
1426 1144 1834 1204 LECTORI.

388 1234 642 1339 NCEPI
662 1243 788 1275 uero
808 1233 1019 1274 tandem
1038 1232 1134 1274 has
1149 1231 1551 1274 ROTHMANNI
1566 1231 1740 1274 literas
1754 1242 1820 1274 ex
1834 1231 2083 1282 Holsatia,
2105 1232 2140 1274 fi
2159 1230 2297 1274 redte
2316 1232 2545 1282 memini,

526 1292 710 1344 quibus
736 1289 992 1332 adiund’tae
1018 1293 1167 1332 erant
1192 1289 1309 1332 aliae
1339 1290 1587 1343 quaedam
1613 1300 1642 1332 e
1668 1289 1878 1332 diuersis
1907 1289 2035 1332 locis
2061 1301 2093 1332 a
2118 1289 2477 1343 praestantibus
2506 1290 2546 1332 8(

387 1348 679 1392 docstissimis
698 1348 832 1390 Viris
857 1348 985 1390 mihi
1009 1348 1280 1401 inscriptae,
1307 1350 1430 1390 tunc
1458 1358 1665 1401 quoque
1692 1347 1938 1401 quaedam
1964 1360 1995 1390 a
2021 1347 2244 1391 Nobiliss.
2273 1349 2313 1390 81
2338 1348 2546 1391 eximiae

387 1407 684 1450 eruditionis
709 1406 833 1448 Viro
863 1406 1090 1449 Domino
1121 1405 1410 1448 HENRICO
1437 1405 1791 1456 RANZOVIO,
1821 1406 2053 1448 Produce
2079 1405 2342 1458 Holsatiae,
2373 1406 2545 1458 amico

387 1466 426 1506 8(
446 1465 602 1507 affine
623 1476 742 1507 meo
762 1464 995 1517 inprimis
1016 1462 1217 1515 dilecto,
1245 1464 1432 1517 quibus
1451 1464 1585 1515 haec,
1612 1463 1664 1506 ni
1690 1463 1858 1515 fallor,
1885 1464 2072 1506 inserta
2093 1467 2204 1506 erat
2231 1465 2435 1515 scheda,
2463 1465 2546 1508 de-

385 1523 630 1576 scriptum
656 1523 816 1576 partis
844 1523 1110 1565 literarum
1139 1522 1292 1564 huius
1319 1522 1739 1574 ROTHMANNI,
1768 1522 1979 1565 nomine
2007 1522 2079 1564 sui
2104 1522 2362 1576 Principis,
2389 1522 2547 1565 conti-

385 1592 527 1631 nens,
550 1593 668 1634 quae
689 1581 937 1634 quoniam
953 1581 1018 1623 ab
1034 1581 1224 1623 eodem
1239 1580 1666 1622 ROTHMANNO
1682 1580 1807 1623 iussu
1820 1580 2064 1634 Principis
2078 1586 2295 1623 exarata
2308 1580 2544 1632 refertur,

386 1639 425 1680 81
445 1650 530 1681 me
551 1650 774 1692 meaque
794 1638 1041 1682 exercitia
1061 1641 1361 1690 concernat,
1383 1639 1524 1682 lubet
1541 1639 1650 1681 eius
1665 1641 1910 1682 contenta
1922 1639 2008 1681 hic
2024 1639 2317 1693 adiungere,
2338 1639 2548 1693 praeser-

383 1697 477 1739 tim
499 1697 618 1750 quia
639 1697 825 1813 eo'cliem
847 1708 984 1740 anno
1006 1707 1109 1750 quo
1131 1697 1445 1740 antecedens
1465 1696 1699 1751 Epistola,
1729 1697 1914 1751 scripta
1934 1697 2006 1748 fit,
2034 1698 2074 1740 81
2101 1698 2347 1751 quaedam
2367 1697 2547 1740 similia

385 1756 681 1798 admoneat.

1113 1847 1435 1898 QUAEDAM
1463 1847 1547 1890 EX
1574 1847 1818 1890 LITERIS

386 1928 1223 2001 CHRISTOPHORI
1266 1928 1997 2014 ROTHMANNI,
2041 1928 2340 2001 IVSSV
2378 1927 2544 2001 SVI

893 2030 2040 2164 PRINCIPngssggffiVfflssNRICVM

696 2207 745 2215 ”
813 2198 1172 2251 BSOLVTIS
1192 2215 1341 2263 pene
1361 2199 1554 2260 literis,
1574 2199 1771 2251 incidit
1790 2198 1918 2258 hoc,
1940 2199 2097 2263 quod
2117 2198 2308 2250 adhuc
2326 2199 2545 2264 subijci-

616 2261 633 2282 ³
814 2270 1030 2321 endum
1044 2272 1222 2321 venit:
1245 2270 1540 2334 Superiori
1560 2285 1719 2321 anno
1739 2269 1941 2321 Mense
1956 2268 2275 2333 Septembri
2290 2269 2546 2321 mifimus

664 2388 669 2400 ,
813 2341 887 2391 ad
902 2339 1326 2391 Nobilissimum
1338 2339 2134 2392 DominumTYCHONEM
2146 2339 2412 2390 BRAHE
2426 2339 2546 2390 lite-

812 2425 922 2467 ras,
943 2409 1336 2461 Illustrissimus
1356 2410 1592 2473 quidem
1606 2410 1875 2473 Princeps
1896 2409 2081 2460 noster
2098 2424 2262 2469 vnaS,
2283 2424 2388 2474 ego
2406 2425 2547 2461 vero

442 2532 450 2546 s
474 2527 482 2535 .
735 2481 767 2547 ‘33³5
812 2479 995 2540 binaS,
1021 2479 1224 2543 plenas
1249 2482 1547 2531 variarum
1572 2479 1643 2530 de
1668 2479 1840 2530 rebus
1865 2479 2277 2531 Astronomicis
2303 2479 2546 2543 disputa—

727 2547 766 2583 -2'1'2'
812 2552 1056 2610 tionum,
1096 2550 1170 2601 ad
1202 2565 1348 2613 quas
1381 2549 1834 2601 Mathematicus
1865 2549 1961 2600 ille
1994 2549 2550 2601 Mathematicorum

384 2622 649 2670 omnium
673 2619 843 2683 longe
868 2619 1346 2682 praestantissimus
1371 2619 1637 2671 nondum
1664 2619 1967 2682 respondit.
1999 2619 2153 2671 Cum
2180 2622 2375 2683 itaque
2404 2617 2550 2670 mihi

383 2689 671 2740 mandarit
691 2689 1082 2740 Illustrissimus
1101 2689 1371 2753 Princeps
1397 2689 1599 2749 noster,
1625 2696 1685 2740 vt
1711 2704 1847 2740 eum
1873 2690 1943 2741 de
1969 2689 2330 2753 responfione
2351 2689 2548 2740 admo-

383 2774 598 2818 nerem,
619 2766 752 2822 peto
773 2775 809 2810 a
827 2766 927 2810 tua
942 2759 1152 2810 Excell.
1174 2766 1233 2810 vt
1252 2759 1447 2811 oblata
1467 2759 1780 2819 occasione,
1802 2759 2056 2811 clemens
2075 2759 2187 2810 hoc
2207 2758 2549 2810 Illustrissimi

384 2829 660 2892 Principis
680 2829 851 2879 nostri
871 2829 1213 2880 defiderium
1232 2829 1334 2893 ipfi
1352 2829 1497 2880 velis
1515 2828 1848 2895 fignificare‚
1874 2844 1949 2880 ne
1975 2828 2400 2893 responfionem
2426 2829 2548 2880 diu-

384 2901 495 2949 tius
520 2899 840 2962 suspendat:
872 2914 989 2962 qua
1015 2899 1251 2962 quidem
1279 2914 1341 2950 re
1366 2899 1430 2950 T.
1458 2899 1670 2951 Excell.
1697 2898 1956 2950 officium
1983 2899 2154 2963 longe
2182 2899 2548 2963 gratissimum

384 2968 665 3031 praestabit
691 2968 1048 3020 Illustrissimo
1074 2969 1324 3032 Principi
1349 2969 1555 3021 nostro.
1584 2969 1818 3029 Coram,
1845 2968 2237 3020 Illustrissimus
2262 2968 2547 3032 PrincepS,

386 3037 436 3088 &
463 3053 567 3101 ego
593 3041 654 3088 in
681 3041 805 3089 eius
832 3041 1123 3098 comitatu,
1150 3039 1392 3090 inuisuri
1419 3054 1651 3091 eramus
1676 3039 1791 3090 Dn.
1812 3038 2287 3098 TYCHONEM,
2315 3037 2548 3101 eiusque

385 3107 763 3158 Instrumenta
787 3107 1187 3159 Astronomica
1216 3124 1413 3160 coram
1440 3109 1630 3168 visuri,
1660 3109 1763 3160 nifi
1790 3111 2104 3160 immatura
2129 3108 2468 3160 Serenissimi
2497 3107 2548 3158 8(

385 3179 586 3240 optimi
612 3177 778 3241 Regis
802 3192 976 3237 morS,
1006 3180 1111 3228 iter
1140 3178 1395 3230 nostrum
1422 3180 1716 3238 auertisset‚
1745 3193 1968 3242 proque
1997 3184 2157 3230 tanto
2188 3177 2239 3228 &
2266 3184 2386 3229 tam
2413 3177 2548 3228 laeto

383 3246 600 3298 visendi
620 3246 912 3306 defideri0,
933 3245 1151 3298 luctum
1173 3248 1224 3299 8(
1243 3248 1571 3300 moestitiam
1585 3248 1945 3299 Illustrissimo
1958 3248 2208 3312 Principi
2221 3247 2410 3299 nostro
2422 3246 2546 3298 sub-

383 3315 637 3368 stituisset.
661 3315 771 3367 Sed
791 3316 916 3367 sunt
937 3320 1138 3368 omnia
1156 3319 1217 3368 in
1236 3333 1419 3369 manu
1438 3320 1810 3382 praepotentis
1831 3317 1979 3369 DEI.
2001 3317 2216 3369 Iterum
2233 3316 2545 3437 valeALIA

2598 1171 2639 1206 10

2597 1473 2638 1507 15

2594 1763 2639 1798 20

2581 1848 2599 1890 1
2607 1849 2663 1891 72

2594 2216 2639 2251 25

2600 2565 2643 2600 30

2596 2914 2641 2949 35
2734 2939 2735 2942 ,

2595 3263 2641 3297 40
2731 3295 2735 3300 ,
