<?xml version="1.0" encoding="UTF-8"?>
<!DOCTYPE html PUBLIC "-//W3C//DTD XHTML 1.0 Transitional//EN"
    "http://www.w3.org/TR/xhtml1/DTD/xhtml1-transitional.dtd">
<html xmlns="http://www.w3.org/1999/xhtml" xml:lang="en" lang="en">
 <head>
  <title>
</title>
<meta http-equiv="Content-Type" content="text/html;charset=utf-8" />
  <meta name='ocr-system' content='tesseract 3.04.00' />
  <meta name='ocr-capabilities' content='ocr_page ocr_carea ocr_par ocr_line ocrx_word'/>
</head>
<body>
  <div class='ocr_page' id='page_1' title='image "./operaomniaedidit06brahuoft_0086.png"; bbox 0 0 2748 4204; ppageno 0'>
   <div class='ocr_carea' id='block_1_1' title="bbox 408 356 2212 409">
    <p class='ocr_par' dir='ltr' id='par_1_1' title="bbox 408 356 2212 409">
     <span class='ocr_line' id='line_1_1' title="bbox 408 356 2212 409; baseline 0.002 -3"><span class='ocrx_word' id='word_1_1' title='bbox 408 358 475 407; x_wconf 88' lang='lat'>76</span> <span class='ocrx_word' id='word_1_2' title='bbox 755 356 1356 407; x_wconf 86' lang='lat' dir='ltr'>EPISTOLARUM</span> <span class='ocrx_word' id='word_1_3' title='bbox 1385 356 2212 409; x_wconf 87' lang='lat' dir='ltr'>ASTRONOMICARUM</span> 
     </span>
    </p>
   </div>
   <div class='ocr_carea' id='block_1_2' title="bbox 399 491 2653 1865">
    <p class='ocr_par' dir='ltr' id='par_1_2' title="bbox 408 491 2556 606">
     <span class='ocr_line' id='line_1_2' title="bbox 408 491 2556 548; baseline 0.002 -14"><span class='ocrx_word' id='word_1_4' title='bbox 408 503 527 534; x_wconf 89' lang='lat' dir='ltr'>eam</span> <span class='ocrx_word' id='word_1_5' title='bbox 542 492 575 533; x_wconf 84' lang='lat' dir='ltr'>fi</span> <span class='ocrx_word' id='word_1_6' title='bbox 591 503 692 544; x_wconf 92' lang='lat' dir='ltr'>qua</span> <span class='ocrx_word' id='word_1_7' title='bbox 707 492 789 542; x_wconf 84' lang='lat' dir='ltr'>est,</span> <span class='ocrx_word' id='word_1_8' title='bbox 812 492 985 544; x_wconf 87' lang='lat' dir='ltr'>postea</span> <span class='ocrx_word' id='word_1_9' title='bbox 1004 494 1266 544; x_wconf 83' lang='lat' dir='ltr'><strong>repertam</strong></span> <span class='ocrx_word' id='word_1_10' title='bbox 1287 491 1681 543; x_wconf 69' lang='lat' dir='ltr'>correctionem,</span> <span class='ocrx_word' id='word_1_11' title='bbox 1703 493 1993 535; x_wconf 86' lang='lat' dir='ltr'>admodum</span> <span class='ocrx_word' id='word_1_12' title='bbox 2013 493 2109 536; x_wconf 85' lang='lat' dir='ltr'>esse</span> <span class='ocrx_word' id='word_1_13' title='bbox 2129 493 2385 547; x_wconf 88' lang='lat' dir='ltr'>exiguam,</span> <span class='ocrx_word' id='word_1_14' title='bbox 2406 507 2556 548; x_wconf 91' lang='lat' dir='ltr'>pene-</span> 
     </span>
     <span class='ocr_line' id='line_1_3' title="bbox 408 549 2554 606; baseline 0.003 -16"><span class='ocrx_word' id='word_1_15' title='bbox 408 561 507 602; x_wconf 88' lang='lat' dir='ltr'>que</span> <span class='ocrx_word' id='word_1_16' title='bbox 526 549 881 591; x_wconf 82' lang='lat' dir='ltr'>insenfibilem:</span> <span class='ocrx_word' id='word_1_17' title='bbox 909 549 1182 601; x_wconf 84' lang='lat' dir='ltr'>nostraque</span> <span class='ocrx_word' id='word_1_18' title='bbox 1201 549 1409 592; x_wconf 89' lang='lat' dir='ltr'>inuenta</span> <span class='ocrx_word' id='word_1_19' title='bbox 1430 551 1519 592; x_wconf 87' lang='lat' dir='ltr'>fibi</span> <span class='ocrx_word' id='word_1_20' title='bbox 1538 551 1654 603; x_wconf 86' lang='lat' dir='ltr'>ipfis</span> <span class='ocrx_word' id='word_1_21' title='bbox 1674 551 1875 604; x_wconf 85' lang='lat' dir='ltr'>semper</span> <span class='ocrx_word' id='word_1_22' title='bbox 1894 551 2128 604; x_wconf 88' lang='lat' dir='ltr'>apprime</span> <span class='ocrx_word' id='word_1_23' title='bbox 2147 550 2286 594; x_wconf 70' lang='lat' dir='ltr'>recte</span> <span class='ocrx_word' id='word_1_24' title='bbox 2306 553 2554 606; x_wconf 82' lang='lat' dir='ltr'>constare,</span> 
     </span>
    </p>

    <p class='ocr_par' dir='ltr' id='par_1_3' title="bbox 399 606 2653 1865">
     <span class='ocr_line' id='line_1_4' title="bbox 407 606 2554 663; baseline 0.003 -16"><span class='ocrx_word' id='word_1_25' title='bbox 407 608 447 648; x_wconf 73' lang='grc' dir='ltr'>ἃ</span> <span class='ocrx_word' id='word_1_26' title='bbox 468 606 726 648; x_wconf 84' lang='lat' dir='ltr'>distantias</span> <span class='ocrx_word' id='word_1_27' title='bbox 747 607 903 648; x_wconf 89' lang='lat' dir='ltr'>etiam</span> <span class='ocrx_word' id='word_1_28' title='bbox 924 607 1198 648; x_wconf 86' lang='lat' dir='ltr'>Stellarum</span> <span class='ocrx_word' id='word_1_29' title='bbox 1218 607 1557 650; x_wconf 90' lang='lat' dir='ltr'>inerrantium</span> <span class='ocrx_word' id='word_1_30' title='bbox 1578 608 1662 650; x_wconf 93' lang='lat' dir='ltr'>hic</span> <span class='ocrx_word' id='word_1_31' title='bbox 1682 609 1957 650; x_wconf 90' lang='lat' dir='ltr'>nonnullas</span> <span class='ocrx_word' id='word_1_32' title='bbox 1975 608 2028 651; x_wconf 91' lang='lat' dir='ltr'>in</span> <span class='ocrx_word' id='word_1_33' title='bbox 2046 612 2293 663; x_wconf 88' lang='lat' dir='ltr'>promptu</span> <span class='ocrx_word' id='word_1_34' title='bbox 2310 610 2554 663; x_wconf 84' lang='lat' dir='ltr'>habeant,</span> 
     </span>
     <span class='ocr_line' id='line_1_5' title="bbox 407 664 2557 722; baseline 0.003 -17"><span class='ocrx_word' id='word_1_35' title='bbox 407 664 563 717; x_wconf 89' lang='lat' dir='ltr'>priori</span> <span class='ocrx_word' id='word_1_36' title='bbox 581 664 745 706; x_wconf 92' lang='lat' dir='ltr'>Tomo</span> <span class='ocrx_word' id='word_1_37' title='bbox 766 675 869 706; x_wconf 91' lang='lat' dir='ltr'>non</span> <span class='ocrx_word' id='word_1_38' title='bbox 890 667 1186 706; x_wconf 88' lang='lat' dir='ltr'>annotatas:</span> <span class='ocrx_word' id='word_1_39' title='bbox 1210 664 1406 714; x_wconf 90' lang='lat' dir='ltr'><strong>Quibus</strong></span> <span class='ocrx_word' id='word_1_40' title='bbox 1427 666 1475 707; x_wconf 88' lang='lat' dir='ltr'>se</span> <span class='ocrx_word' id='word_1_41' title='bbox 1495 669 1788 716; x_wconf 81' lang='lat' dir='ltr'>exerceant,</span> <span class='ocrx_word' id='word_1_42' title='bbox 1812 666 2002 719; x_wconf 82' lang='lat' dir='ltr'>suaque</span> <span class='ocrx_word' id='word_1_43' title='bbox 2022 667 2377 718; x_wconf 87' lang='lat' dir='ltr'>Instrumenta,</span> <span class='ocrx_word' id='word_1_44' title='bbox 2399 669 2433 710; x_wconf 86' lang='lat' dir='ltr'>fi</span> <span class='ocrx_word' id='word_1_45' title='bbox 2454 681 2557 722; x_wconf 89' lang='lat' dir='ltr'>qua</span> 
     </span>
     <span class='ocr_line' id='line_1_6' title="bbox 406 722 2626 776; baseline 0.003 -13"><span class='ocrx_word' id='word_1_46' title='bbox 406 722 539 764; x_wconf 90' lang='lat' dir='ltr'>forte</span> <span class='ocrx_word' id='word_1_47' title='bbox 570 722 858 772; x_wconf 83' lang='lat' dir='ltr'>habuerint,</span> <span class='ocrx_word' id='word_1_48' title='bbox 892 722 1245 774; x_wconf 82' lang='lat' dir='ltr'>experiantur:</span> <span class='ocrx_word' id='word_1_49' title='bbox 1281 723 1441 764; x_wconf 93' lang='lat' dir='ltr'>Modo</span> <span class='ocrx_word' id='word_1_50' title='bbox 1475 723 1631 776; x_wconf 88' lang='lat' dir='ltr'>aliqui</span> <span class='ocrx_word' id='word_1_51' title='bbox 1660 735 1894 776; x_wconf 90' lang='lat' dir='ltr'>unquam</span> <span class='ocrx_word' id='word_1_52' title='bbox 1925 723 2128 775; x_wconf 90' lang='lat' dir='ltr'>fuerint,</span> <span class='ocrx_word' id='word_1_53' title='bbox 2160 725 2350 767; x_wconf 90' lang='lat' dir='ltr'>harum</span> <span class='ocrx_word' id='word_1_54' title='bbox 2380 737 2556 769; x_wconf 92' lang='lat' dir='ltr'>rerum</span> <span class='ocrx_word' id='word_1_55' title='bbox 2604 737 2626 771; x_wconf 84' lang='grc'><strong>5</strong></span> 
     </span>
     <span class='ocr_line' id='line_1_7' title="bbox 407 779 2556 832; baseline 0.003 -12"><span class='ocrx_word' id='word_1_56' title='bbox 407 791 548 821; x_wconf 78' lang='lat' dir='ltr'>curae</span> <span class='ocrx_word' id='word_1_57' title='bbox 567 779 758 820; x_wconf 89' lang='lat' dir='ltr'>intenti.</span> <span class='ocrx_word' id='word_1_58' title='bbox 787 779 928 829; x_wconf 87' lang='lat' dir='ltr'>Quos</span> <span class='ocrx_word' id='word_1_59' title='bbox 949 780 1067 821; x_wconf 84' lang='lat' dir='ltr'>sane</span> <span class='ocrx_word' id='word_1_60' title='bbox 1087 791 1379 832; x_wconf 91' lang='lat' dir='ltr'>perpaucos</span> <span class='ocrx_word' id='word_1_61' title='bbox 1401 780 1572 823; x_wconf 90' lang='lat' dir='ltr'>adhuc</span> <span class='ocrx_word' id='word_1_62' title='bbox 1593 780 1733 823; x_wconf 86' lang='lat' dir='ltr'>fuisse</span> <span class='ocrx_word' id='word_1_63' title='bbox 1753 781 1793 822; x_wconf 73' lang='lat'>81</span> <span class='ocrx_word' id='word_1_64' title='bbox 1814 781 1931 832; x_wconf 80' lang='lat' dir='ltr'>scio,</span> <span class='ocrx_word' id='word_1_65' title='bbox 1960 782 2000 822; x_wconf 75' lang='lat'>81</span> <span class='ocrx_word' id='word_1_66' title='bbox 2024 782 2077 824; x_wconf 90' lang='lat' dir='ltr'>in</span> <span class='ocrx_word' id='word_1_67' title='bbox 2094 785 2240 824; x_wconf 92' lang='lat' dir='ltr'>tanta</span> <span class='ocrx_word' id='word_1_68' title='bbox 2261 783 2556 827; x_wconf 85' lang='lat' dir='ltr'>ambitionis</span> 
     </span>
     <span class='ocr_line' id='line_1_8' title="bbox 406 837 2557 895; baseline 0.003 -17"><span class='ocrx_word' id='word_1_69' title='bbox 406 840 561 890; x_wconf 88' lang='lat' dir='ltr'>atque</span> <span class='ocrx_word' id='word_1_70' title='bbox 582 837 815 879; x_wconf 71' lang='lat' dir='ltr'>auaritiae</span> <span class='ocrx_word' id='word_1_71' title='bbox 834 837 1082 879; x_wconf 80' lang='lat' dir='ltr'>terrestris</span> <span class='ocrx_word' id='word_1_72' title='bbox 1102 838 1324 879; x_wconf 91' lang='lat' dir='ltr'>colluuie</span> <span class='ocrx_word' id='word_1_73' title='bbox 1343 840 1453 879; x_wconf 89' lang='lat' dir='ltr'>tam</span> <span class='ocrx_word' id='word_1_74' title='bbox 1473 840 1731 891; x_wconf 86' lang='lat' dir='ltr'>praeclara</span> <span class='ocrx_word' id='word_1_75' title='bbox 1750 842 1905 892; x_wconf 91' lang='lat' dir='ltr'>atque</span> <span class='ocrx_word' id='word_1_76' title='bbox 1919 851 2051 892; x_wconf 88' lang='lat' dir='ltr'>pene</span> <span class='ocrx_word' id='word_1_77' title='bbox 2065 840 2332 894; x_wconf 82' lang='lat' dir='ltr'>praecipua</span> <span class='ocrx_word' id='word_1_78' title='bbox 2345 841 2557 895; x_wconf 91' lang='lat' dir='ltr'>impedi-</span> 
     </span>
     <span class='ocr_line' id='line_1_9' title="bbox 406 894 2557 950; baseline 0.003 -14"><span class='ocrx_word' id='word_1_79' title='bbox 406 898 536 945; x_wconf 91' lang='lat' dir='ltr'>ente,</span> <span class='ocrx_word' id='word_1_80' title='bbox 559 906 680 936; x_wconf 90' lang='lat' dir='ltr'>cum</span> <span class='ocrx_word' id='word_1_81' title='bbox 701 894 847 936; x_wconf 92' lang='lat' dir='ltr'>aliter</span> <span class='ocrx_word' id='word_1_82' title='bbox 865 894 978 937; x_wconf 93' lang='lat' dir='ltr'>fieri</span> <span class='ocrx_word' id='word_1_83' title='bbox 997 898 1234 947; x_wconf 91' lang='lat' dir='ltr'>nequeat,</span> <span class='ocrx_word' id='word_1_84' title='bbox 1257 896 1526 937; x_wconf 91' lang='lat' dir='ltr'>emendari</span> <span class='ocrx_word' id='word_1_85' title='bbox 1547 896 1683 938; x_wconf 91' lang='lat' dir='ltr'>enim</span> <span class='ocrx_word' id='word_1_86' title='bbox 1703 908 1809 939; x_wconf 94' lang='lat' dir='ltr'>non</span> <span class='ocrx_word' id='word_1_87' title='bbox 1826 897 1962 950; x_wconf 86' lang='lat' dir='ltr'>posse</span> <span class='ocrx_word' id='word_1_88' title='bbox 1976 897 2146 948; x_wconf 87' lang='lat' dir='ltr'>uideo,</span> <span class='ocrx_word' id='word_1_89' title='bbox 2168 898 2303 941; x_wconf 84' lang='lat' dir='ltr'>ferre</span> <span class='ocrx_word' id='word_1_90' title='bbox 2316 900 2400 941; x_wconf 89' lang='lat' dir='ltr'>uel</span> <span class='ocrx_word' id='word_1_91' title='bbox 2414 900 2557 942; x_wconf 89' lang='lat' dir='ltr'>inuiti</span> 
     </span>
     <span class='ocr_line' id='line_1_10' title="bbox 406 930 2557 1006; baseline 0.003 -13"><span class='ocrx_word' id='word_1_92' title='bbox 406 952 652 1005; x_wconf 89' lang='lat' dir='ltr'>cogimur.</span> <span class='ocrx_word' id='word_1_93' title='bbox 686 953 872 994; x_wconf 87' lang='lat' dir='ltr'>Addidi</span> <span class='ocrx_word' id='word_1_94' title='bbox 905 963 1110 1006; x_wconf 91' lang='lat' dir='ltr'>quoque</span> <span class='ocrx_word' id='word_1_95' title='bbox 1140 954 1470 995; x_wconf 88' lang='lat' dir='ltr'>Planetarum</span> <span class='ocrx_word' id='word_1_96' title='bbox 1502 954 1737 995; x_wconf 91' lang='lat' dir='ltr'>omnium</span> <span class='ocrx_word' id='word_1_97' title='bbox 1769 954 1972 996; x_wconf 89' lang='lat' dir='ltr'>coelitus</span> <span class='ocrx_word' id='word_1_98' title='bbox 2004 930 2169 998; x_wconf 61' lang='lat' dir='ltr'>facf’ta’s</span> <span class='ocrx_word' id='word_1_99' title='bbox 2198 957 2557 1001; x_wconf 85' lang='lat' dir='ltr'>denotationes</span> 
     </span>
     <span class='ocr_line' id='line_1_11' title="bbox 404 1010 2648 1067; baseline 0.004 -16"><span class='ocrx_word' id='word_1_100' title='bbox 404 1010 538 1052; x_wconf 90' lang='lat' dir='ltr'>intra</span> <span class='ocrx_word' id='word_1_101' title='bbox 562 1021 760 1063; x_wconf 89' lang='lat' dir='ltr'>paucos</span> <span class='ocrx_word' id='word_1_102' title='bbox 787 1011 1098 1063; x_wconf 86' lang='lat' dir='ltr'>eosdemque</span> <span class='ocrx_word' id='word_1_103' title='bbox 1124 1010 1397 1053; x_wconf 91' lang='lat' dir='ltr'>continuos</span> <span class='ocrx_word' id='word_1_104' title='bbox 1423 1011 1547 1062; x_wconf 89' lang='lat' dir='ltr'>dies,</span> <span class='ocrx_word' id='word_1_105' title='bbox 1575 1011 1747 1053; x_wconf 89' lang='lat' dir='ltr'>eidem</span> <span class='ocrx_word' id='word_1_106' title='bbox 1772 1012 2002 1054; x_wconf 86' lang='lat' dir='ltr'>Illustriss.</span> <span class='ocrx_word' id='word_1_107' title='bbox 2027 1013 2243 1067; x_wconf 90' lang='lat' dir='ltr'>Principi</span> <span class='ocrx_word' id='word_1_108' title='bbox 2269 1016 2557 1058; x_wconf 87' lang='lat' dir='ltr'>communi·</span> <span class='ocrx_word' id='word_1_109' title='bbox 2607 1026 2648 1061; x_wconf 89' lang='lat'>10</span> 
     </span>
     <span class='ocr_line' id='line_1_12' title="bbox 406 1068 2556 1123; baseline 0.003 -13"><span class='ocrx_word' id='word_1_110' title='bbox 406 1071 565 1118; x_wconf 92' lang='lat' dir='ltr'>catas‚</span> <span class='ocrx_word' id='word_1_111' title='bbox 587 1071 642 1109; x_wconf 92' lang='lat' dir='ltr'>ut</span> <span class='ocrx_word' id='word_1_112' title='bbox 662 1069 702 1109; x_wconf 84' lang='lat'>&amp;</span> <span class='ocrx_word' id='word_1_113' title='bbox 722 1068 840 1110; x_wconf 91' lang='lat' dir='ltr'>hinc</span> <span class='ocrx_word' id='word_1_114' title='bbox 860 1068 1072 1111; x_wconf 91' lang='lat' dir='ltr'>uideant</span> <span class='ocrx_word' id='word_1_115' title='bbox 1084 1068 1220 1110; x_wconf 85' lang='lat' dir='ltr'>Artis</span> <span class='ocrx_word' id='word_1_116' title='bbox 1239 1068 1391 1110; x_wconf 90' lang='lat' dir='ltr'>huius</span> <span class='ocrx_word' id='word_1_117' title='bbox 1404 1069 1628 1120; x_wconf 89' lang='lat' dir='ltr'>Alumni‚</span> <span class='ocrx_word' id='word_1_118' title='bbox 1650 1081 1810 1123; x_wconf 92' lang='lat' dir='ltr'>quam</span> <span class='ocrx_word' id='word_1_119' title='bbox 1830 1070 2074 1113; x_wconf 86' lang='lat' dir='ltr'>differens</span> <span class='ocrx_word' id='word_1_120' title='bbox 2094 1071 2177 1113; x_wconf 85' lang='lat' dir='ltr'>fit</span> <span class='ocrx_word' id='word_1_121' title='bbox 2164 1083 2216 1114; x_wconf 92' lang='lat' dir='ltr'>1n</span> <span class='ocrx_word' id='word_1_122' title='bbox 2228 1073 2556 1116; x_wconf 91' lang='lat' dir='ltr'>Planetarum</span> 
     </span>
     <span class='ocr_line' id='line_1_13' title="bbox 405 1102 2558 1184; baseline 0.003 -17"><span class='ocrx_word' id='word_1_123' title='bbox 405 1126 646 1176; x_wconf 91' lang='lat' dir='ltr'>motibus,</span> <span class='ocrx_word' id='word_1_124' title='bbox 669 1137 697 1168; x_wconf 91' lang='lat' dir='ltr'>e</span> <span class='ocrx_word' id='word_1_125' title='bbox 717 1126 1011 1168; x_wconf 91' lang='lat' dir='ltr'>Canonibus</span> <span class='ocrx_word' id='word_1_126' title='bbox 1030 1125 1279 1168; x_wconf 71' lang='lat' dir='ltr'>hactenus</span> <span class='ocrx_word' id='word_1_127' title='bbox 1300 1138 1331 1168; x_wconf 93' lang='lat' dir='ltr'>a</span> <span class='ocrx_word' id='word_1_128' title='bbox 1351 1127 1508 1180; x_wconf 87' lang='lat' dir='ltr'>uarijs</span> <span class='ocrx_word' id='word_1_129' title='bbox 1528 1102 1824 1170; x_wconf 71' lang='lat' dir='ltr'>Art’ificibus</span> <span class='ocrx_word' id='word_1_130' title='bbox 1845 1128 2090 1171; x_wconf 87' lang='lat' dir='ltr'>concessis</span> <span class='ocrx_word' id='word_1_131' title='bbox 2116 1141 2147 1171; x_wconf 93' lang='lat' dir='ltr'>a</span> <span class='ocrx_word' id='word_1_132' title='bbox 2173 1131 2308 1173; x_wconf 89' lang='lat' dir='ltr'>coelo</span> <span class='ocrx_word' id='word_1_133' title='bbox 2334 1131 2441 1184; x_wconf 86' lang='lat' dir='ltr'>ipso</span> <span class='ocrx_word' id='word_1_134' title='bbox 2467 1131 2558 1174; x_wconf 81' lang='lat' dir='ltr'>dis-</span> 
     </span>
     <span class='ocr_line' id='line_1_14' title="bbox 405 1183 2557 1242; baseline 0.003 -17"><span class='ocrx_word' id='word_1_135' title='bbox 405 1183 684 1236; x_wconf 88' lang='lat' dir='ltr'>crepantia,</span> <span class='ocrx_word' id='word_1_136' title='bbox 713 1184 951 1237; x_wconf 90' lang='lat' dir='ltr'>quamuis</span> <span class='ocrx_word' id='word_1_137' title='bbox 978 1195 1040 1226; x_wconf 91' lang='lat' dir='ltr'>ea</span> <span class='ocrx_word' id='word_1_138' title='bbox 1066 1184 1423 1237; x_wconf 85' lang='lat' dir='ltr'>saepenumero</span> <span class='ocrx_word' id='word_1_139' title='bbox 1450 1185 1753 1238; x_wconf 88' lang='lat' dir='ltr'>reperiatur,</span> <span class='ocrx_word' id='word_1_140' title='bbox 1781 1186 1946 1228; x_wconf 89' lang='lat' dir='ltr'>multo</span> <span class='ocrx_word' id='word_1_141' title='bbox 1973 1198 2133 1240; x_wconf 91' lang='lat' dir='ltr'>quam</span> <span class='ocrx_word' id='word_1_142' title='bbox 2156 1190 2280 1230; x_wconf 89' lang='lat' dir='ltr'>tunc</span> <span class='ocrx_word' id='word_1_143' title='bbox 2306 1189 2557 1242; x_wconf 91' lang='lat' dir='ltr'>temporis</span> 
     </span>
     <span class='ocr_line' id='line_1_15' title="bbox 403 1242 2556 1297; baseline 0.003 -14"><span class='ocrx_word' id='word_1_144' title='bbox 403 1242 581 1295; x_wconf 92' lang='lat' dir='ltr'>patuit,</span> <span class='ocrx_word' id='word_1_145' title='bbox 604 1242 786 1284; x_wconf 91' lang='lat' dir='ltr'>maior.</span> <span class='ocrx_word' id='word_1_146' title='bbox 811 1242 989 1295; x_wconf 87' lang='lat' dir='ltr'>Neque</span> <span class='ocrx_word' id='word_1_147' title='bbox 1010 1253 1146 1284; x_wconf 88' lang='lat' dir='ltr'>emm</span> <span class='ocrx_word' id='word_1_148' title='bbox 1167 1242 1487 1284; x_wconf 89' lang='lat' dir='ltr'>deuiationes</span> <span class='ocrx_word' id='word_1_149' title='bbox 1506 1243 1608 1284; x_wconf 82' lang='lat' dir='ltr'>illae</span> <span class='ocrx_word' id='word_1_150' title='bbox 1628 1243 1818 1296; x_wconf 91' lang='lat' dir='ltr'>ubique</span> <span class='ocrx_word' id='word_1_151' title='bbox 1837 1255 1991 1297; x_wconf 90' lang='lat' dir='ltr'>pares</span> <span class='ocrx_word' id='word_1_152' title='bbox 2013 1245 2135 1287; x_wconf 85' lang='lat' dir='ltr'>sunt.</span> <span class='ocrx_word' id='word_1_153' title='bbox 2159 1246 2556 1290; x_wconf 87' lang='lat' dir='ltr'>Obseruationes</span> 
     </span>
     <span class='ocr_line' id='line_1_16' title="bbox 404 1298 2653 1358; baseline 0.003 -17"><span class='ocrx_word' id='word_1_154' title='bbox 404 1303 577 1341; x_wconf 88' lang='lat' dir='ltr'>autern</span> <span class='ocrx_word' id='word_1_155' title='bbox 606 1301 747 1353; x_wconf 86' lang='lat' dir='ltr'>quas-</span> <span class='ocrx_word' id='word_1_156' title='bbox 749 1298 911 1357; x_wconf 72' lang='lat' dir='ltr'>udam,</span> <span class='ocrx_word' id='word_1_157' title='bbox 940 1311 1041 1353; x_wconf 94' lang='lat' dir='ltr'>quo</span> <span class='ocrx_word' id='word_1_158' title='bbox 1069 1300 1137 1342; x_wconf 90' lang='lat' dir='ltr'>ad</span> <span class='ocrx_word' id='word_1_159' title='bbox 1159 1301 1434 1343; x_wconf 92' lang='lat' dir='ltr'>nonnullas</span> <span class='ocrx_word' id='word_1_160' title='bbox 1453 1301 1741 1343; x_wconf 90' lang='lat' dir='ltr'>inerrantes</span> <span class='ocrx_word' id='word_1_161' title='bbox 1761 1301 1944 1344; x_wconf 91' lang='lat' dir='ltr'>Stellas</span> <span class='ocrx_word' id='word_1_162' title='bbox 1965 1302 2030 1345; x_wconf 93' lang='lat' dir='ltr'>ab</span> <span class='ocrx_word' id='word_1_163' title='bbox 2053 1303 2283 1346; x_wconf 88' lang='lat' dir='ltr'>Illustriss.</span> <span class='ocrx_word' id='word_1_164' title='bbox 2305 1304 2555 1358; x_wconf 69' lang='lat' dir='ltr'>praedic’to</span> <span class='ocrx_word' id='word_1_165' title='bbox 2597 1314 2653 1357; x_wconf 81' lang='lat'>43</span> 
     </span>
     <span class='ocr_line' id='line_1_17' title="bbox 402 1358 2556 1412; baseline 0.003 -13"><span class='ocrx_word' id='word_1_166' title='bbox 402 1358 630 1410; x_wconf 89' lang='lat' dir='ltr'>Principe</span> <span class='ocrx_word' id='word_1_167' title='bbox 649 1358 776 1399; x_wconf 90' lang='lat' dir='ltr'>mihi</span> <span class='ocrx_word' id='word_1_168' title='bbox 796 1358 965 1400; x_wconf 86' lang='lat' dir='ltr'>missas</span> <span class='ocrx_word' id='word_1_169' title='bbox 984 1369 1090 1400; x_wconf 94' lang='lat' dir='ltr'>non</span> <span class='ocrx_word' id='word_1_170' title='bbox 1110 1358 1298 1408; x_wconf 90' lang='lat' dir='ltr'>addidi,</span> <span class='ocrx_word' id='word_1_171' title='bbox 1325 1358 1432 1411; x_wconf 86' lang='lat' dir='ltr'>ipso</span> <span class='ocrx_word' id='word_1_172' title='bbox 1452 1358 1681 1412; x_wconf 91' lang='lat' dir='ltr'>Principe</span> <span class='ocrx_word' id='word_1_173' title='bbox 1701 1359 1753 1401; x_wconf 94' lang='lat' dir='ltr'>id</span> <span class='ocrx_word' id='word_1_174' title='bbox 1772 1362 1997 1411; x_wconf 89' lang='lat' dir='ltr'>uetante,</span> <span class='ocrx_word' id='word_1_175' title='bbox 2019 1361 2360 1405; x_wconf 89' lang='lat' dir='ltr'>Collationem</span> <span class='ocrx_word' id='word_1_176' title='bbox 2378 1366 2556 1406; x_wconf 88' lang='lat' dir='ltr'>tamen</span> 
     </span>
     <span class='ocr_line' id='line_1_18' title="bbox 402 1415 2556 1470; baseline 0.003 -13"><span class='ocrx_word' id='word_1_177' title='bbox 402 1415 728 1458; x_wconf 87' lang='lat' dir='ltr'>dimenfionis</span> <span class='ocrx_word' id='word_1_178' title='bbox 755 1419 908 1468; x_wconf 90' lang='lat' dir='ltr'>atque</span> <span class='ocrx_word' id='word_1_179' title='bbox 936 1416 1269 1469; x_wconf 80' lang='lat' dir='ltr'>dispositionis</span> <span class='ocrx_word' id='word_1_180' title='bbox 1289 1416 1341 1458; x_wconf 92' lang='lat' dir='ltr'>in</span> <span class='ocrx_word' id='word_1_181' title='bbox 1361 1416 1529 1459; x_wconf 92' lang='lat' dir='ltr'>Globo</span> <span class='ocrx_word' id='word_1_182' title='bbox 1555 1417 1707 1470; x_wconf 85' lang='lat' dir='ltr'>ipfius</span> <span class='ocrx_word' id='word_1_183' title='bbox 1728 1418 2035 1461; x_wconf 91' lang='lat' dir='ltr'>Mechanice</span> <span class='ocrx_word' id='word_1_184' title='bbox 2062 1418 2272 1470; x_wconf 73' lang='lat' dir='ltr'>factam,</span> <span class='ocrx_word' id='word_1_185' title='bbox 2300 1421 2367 1462; x_wconf 94' lang='lat' dir='ltr'>ad</span> <span class='ocrx_word' id='word_1_186' title='bbox 2386 1421 2556 1464; x_wconf 92' lang='lat' dir='ltr'>Trian-</span> 
     </span>
     <span class='ocr_line' id='line_1_19' title="bbox 401 1474 2557 1542; baseline 0.003 -27"><span class='ocrx_word' id='word_1_187' title='bbox 401 1475 638 1528; x_wconf 89' lang='lat' dir='ltr'>gulorum</span> <span class='ocrx_word' id='word_1_188' title='bbox 663 1485 909 1516; x_wconf 89' lang='lat' dir='ltr'>normam</span> <span class='ocrx_word' id='word_1_189' title='bbox 934 1474 1241 1527; x_wconf 90' lang='lat' dir='ltr'>expendere,</span> <span class='ocrx_word' id='word_1_190' title='bbox 1271 1477 1426 1527; x_wconf 93' lang='lat' dir='ltr'>prout</span> <span class='ocrx_word' id='word_1_191' title='bbox 1450 1474 1554 1527; x_wconf 84' lang='lat' dir='ltr'>ipse</span> <span class='ocrx_word' id='word_1_192' title='bbox 1578 1475 1818 1542; x_wconf 80' lang='lat' dir='ltr'>Princeps</span> <span class='ocrx_word' id='word_1_193' title='bbox 1843 1477 2070 1527; x_wconf 90' lang='lat' dir='ltr'>uolebat,</span> <span class='ocrx_word' id='word_1_194' title='bbox 2102 1480 2257 1531; x_wconf 90' lang='lat' dir='ltr'>atque</span> <span class='ocrx_word' id='word_1_195' title='bbox 2285 1478 2370 1521; x_wconf 89' lang='lat' dir='ltr'>hic</span> <span class='ocrx_word' id='word_1_196' title='bbox 2401 1490 2557 1534; x_wconf 89' lang='lat' dir='ltr'>appo-</span> 
     </span>
     <span class='ocr_line' id='line_1_20' title="bbox 401 1509 2556 1590; baseline 0.003 -17"><span class='ocrx_word' id='word_1_197' title='bbox 401 1543 538 1579; x_wconf 90' lang='lat' dir='ltr'>nere,</span> <span class='ocrx_word' id='word_1_198' title='bbox 559 1543 664 1574; x_wconf 91' lang='lat' dir='ltr'>non</span> <span class='ocrx_word' id='word_1_199' title='bbox 683 1532 1031 1574; x_wconf 87' lang='lat' dir='ltr'>inconcessum</span> <span class='ocrx_word' id='word_1_200' title='bbox 1052 1532 1195 1574; x_wconf 85' lang='lat' dir='ltr'>duxi:</span> <span class='ocrx_word' id='word_1_201' title='bbox 1219 1532 1372 1574; x_wconf 92' lang='lat' dir='ltr'>Nulla</span> <span class='ocrx_word' id='word_1_202' title='bbox 1392 1533 1531 1574; x_wconf 90' lang='lat' dir='ltr'>enim</span> <span class='ocrx_word' id='word_1_203' title='bbox 1550 1533 1679 1576; x_wconf 90' lang='lat' dir='ltr'>hac</span> <span class='ocrx_word' id='word_1_204' title='bbox 1666 1545 1718 1575; x_wconf 82' lang='lat' dir='ltr'>in</span> <span class='ocrx_word' id='word_1_205' title='bbox 1731 1536 1880 1587; x_wconf 89' lang='lat' dir='ltr'>parte</span> <span class='ocrx_word' id='word_1_206' title='bbox 1894 1534 2046 1588; x_wconf 87' lang='lat' dir='ltr'>ipfius</span> <span class='ocrx_word' id='word_1_207' title='bbox 2060 1509 2292 1579; x_wconf 63' lang='lat' dir='ltr'>’Celfitud</span> <span class='ocrx_word' id='word_1_208' title='bbox 2310 1537 2556 1590; x_wconf 86' lang='lat' dir='ltr'>Impenfis</span> 
     </span>
     <span class='ocr_line' id='line_1_21' title="bbox 401 1590 2648 1644; baseline 0.002 -13"><span class='ocrx_word' id='word_1_209' title='bbox 401 1593 555 1642; x_wconf 88' lang='lat' dir='ltr'>atque</span> <span class='ocrx_word' id='word_1_210' title='bbox 575 1590 839 1632; x_wconf 90' lang='lat' dir='ltr'>laboribus</span> <span class='ocrx_word' id='word_1_211' title='bbox 859 1590 917 1631; x_wconf 91' lang='lat' dir='ltr'>fit</span> <span class='ocrx_word' id='word_1_212' title='bbox 935 1590 1239 1643; x_wconf 86' lang='lat' dir='ltr'>praeuentio,</span> <span class='ocrx_word' id='word_1_213' title='bbox 1262 1601 1381 1633; x_wconf 91' lang='lat' dir='ltr'>cum</span> <span class='ocrx_word' id='word_1_214' title='bbox 1404 1590 1618 1644; x_wconf 87' lang='lat' dir='ltr'>ipsemet</span> <span class='ocrx_word' id='word_1_215' title='bbox 1637 1591 1735 1634; x_wconf 84' lang='lat' dir='ltr'>suis</span> <span class='ocrx_word' id='word_1_216' title='bbox 1757 1592 2106 1636; x_wconf 86' lang='lat' dir='ltr'>Instrumentis</span> <span class='ocrx_word' id='word_1_217' title='bbox 2127 1593 2292 1637; x_wconf 72' lang='lat' dir='ltr'>factas</span> <span class='ocrx_word' id='word_1_218' title='bbox 2306 1594 2556 1638; x_wconf 81' lang='lat' dir='ltr'>Obserua-</span> <span class='ocrx_word' id='word_1_219' title='bbox 2603 1601 2648 1636; x_wconf 90' lang='lat'>20</span> 
     </span>
     <span class='ocr_line' id='line_1_22' title="bbox 399 1647 2556 1704; baseline 0.003 -15"><span class='ocrx_word' id='word_1_220' title='bbox 399 1647 565 1690; x_wconf 91' lang='lat' dir='ltr'>tiones</span> <span class='ocrx_word' id='word_1_221' title='bbox 590 1648 843 1690; x_wconf 90' lang='lat' dir='ltr'>maturius</span> <span class='ocrx_word' id='word_1_222' title='bbox 870 1647 1003 1690; x_wconf 87' lang='lat' dir='ltr'>forte</span> <span class='ocrx_word' id='word_1_223' title='bbox 1030 1660 1190 1701; x_wconf 90' lang='lat' dir='ltr'>quam</span> <span class='ocrx_word' id='word_1_224' title='bbox 1215 1648 1332 1690; x_wconf 85' lang='lat' dir='ltr'>haec</span> <span class='ocrx_word' id='word_1_225' title='bbox 1360 1649 1595 1700; x_wconf 91' lang='lat' dir='ltr'>edantur,</span> <span class='ocrx_word' id='word_1_226' title='bbox 1622 1649 1782 1692; x_wconf 91' lang='lat' dir='ltr'>ueluti</span> <span class='ocrx_word' id='word_1_227' title='bbox 1807 1650 1873 1692; x_wconf 91' lang='lat' dir='ltr'>ab</span> <span class='ocrx_word' id='word_1_228' title='bbox 1899 1650 2051 1704; x_wconf 84' lang='lat' dir='ltr'>ipfius</span> <span class='ocrx_word' id='word_1_229' title='bbox 2073 1651 2448 1696; x_wconf 87' lang='lat' dir='ltr'>Mathematico</span> <span class='ocrx_word' id='word_1_230' title='bbox 2473 1665 2556 1697; x_wconf 92' lang='lat' dir='ltr'>co-</span> 
     </span>
     <span class='ocr_line' id='line_1_23' title="bbox 401 1706 2556 1761; baseline 0.004 -15"><span class='ocrx_word' id='word_1_231' title='bbox 401 1706 568 1759; x_wconf 90' lang='lat' dir='ltr'>gnoui‚</span> <span class='ocrx_word' id='word_1_232' title='bbox 590 1706 811 1759; x_wconf 93' lang='lat' dir='ltr'>publici</span> <span class='ocrx_word' id='word_1_233' title='bbox 800 1706 922 1748; x_wconf 79' lang='lat' dir='ltr'>luris</span> <span class='ocrx_word' id='word_1_234' title='bbox 941 1706 1053 1748; x_wconf 88' lang='lat' dir='ltr'>fieri</span> <span class='ocrx_word' id='word_1_235' title='bbox 1071 1709 1331 1759; x_wconf 92' lang='lat' dir='ltr'>procuret.</span> <span class='ocrx_word' id='word_1_236' title='bbox 1347 1706 1414 1748; x_wconf 94' lang='lat' dir='ltr'>Vt</span> <span class='ocrx_word' id='word_1_237' title='bbox 1432 1718 1560 1750; x_wconf 92' lang='lat' dir='ltr'>uero</span> <span class='ocrx_word' id='word_1_238' title='bbox 1579 1708 1710 1750; x_wconf 92' lang='lat' dir='ltr'>ordo</span> <span class='ocrx_word' id='word_1_239' title='bbox 1731 1708 2064 1761; x_wconf 84' lang='lat' dir='ltr'>sequentium,</span> <span class='ocrx_word' id='word_1_240' title='bbox 2087 1710 2411 1753; x_wconf 85' lang='lat' dir='ltr'>Illustrissimo</span> <span class='ocrx_word' id='word_1_241' title='bbox 2425 1712 2556 1754; x_wconf 89' lang='lat' dir='ltr'>Prin-</span> 
     </span>
     <span class='ocr_line' id='line_1_24' title="bbox 401 1763 2556 1822; baseline 0.003 -17"><span class='ocrx_word' id='word_1_242' title='bbox 401 1763 500 1816; x_wconf 94' lang='lat' dir='ltr'>cipi</span> <span class='ocrx_word' id='word_1_243' title='bbox 527 1767 649 1806; x_wconf 89' lang='lat' dir='ltr'>tunc</span> <span class='ocrx_word' id='word_1_244' title='bbox 680 1764 1191 1806; x_wconf 91' lang='lat' dir='ltr'>communicatorum</span> <span class='ocrx_word' id='word_1_245' title='bbox 1219 1763 1406 1807; x_wconf 76' lang='lat' dir='ltr'>recstius</span> <span class='ocrx_word' id='word_1_246' title='bbox 1434 1768 1626 1818; x_wconf 91' lang='lat' dir='ltr'>pateat,</span> <span class='ocrx_word' id='word_1_247' title='bbox 1656 1766 1802 1809; x_wconf 89' lang='lat' dir='ltr'>breui</span> <span class='ocrx_word' id='word_1_248' title='bbox 1829 1766 2142 1811; x_wconf 90' lang='lat' dir='ltr'>indicatione</span> <span class='ocrx_word' id='word_1_249' title='bbox 2168 1769 2440 1822; x_wconf 84' lang='lat' dir='ltr'>praemissa‚</span> <span class='ocrx_word' id='word_1_250' title='bbox 2470 1770 2556 1812; x_wconf 93' lang='lat' dir='ltr'>illa</span> 
     </span>
     <span class='ocr_line' id='line_1_25' title="bbox 400 1821 683 1865; baseline 0.011 -3"><span class='ocrx_word' id='word_1_251' title='bbox 400 1821 683 1865; x_wconf 87' lang='lat' dir='ltr'>intitulabo.</span> 
     </span>
    </p>
   </div>
   <div class='ocr_carea' id='block_1_3' title="bbox 398 1954 2648 2229">
    <p class='ocr_par' dir='ltr' id='par_1_4' title="bbox 398 1954 2648 2229">
     <span class='ocr_line' id='line_1_26' title="bbox 528 1954 2648 2087; baseline 0.003 -15"><span class='ocrx_word' id='word_1_252' title='bbox 528 2021 859 2074; x_wconf 87' lang='lat' dir='ltr'>OLLATIO</span> <span class='ocrx_word' id='word_1_253' title='bbox 889 2022 1152 2074; x_wconf 90' lang='lat' dir='ltr'>locorum</span> <span class='ocrx_word' id='word_1_254' title='bbox 1180 2024 1403 2087; x_wconf 91' lang='lat' dir='ltr'>aliquot</span> <span class='ocrx_word' id='word_1_255' title='bbox 1431 1954 1743 2075; x_wconf 65' lang='lat' dir='ltr'>alf‘fixarum</span> <span class='ocrx_word' id='word_1_256' title='bbox 1768 2024 2077 2076; x_wconf 88' lang='lat' dir='ltr'>Stellarum</span> <span class='ocrx_word' id='word_1_257' title='bbox 2103 2041 2175 2077; x_wconf 90' lang='lat' dir='ltr'>ex</span> <span class='ocrx_word' id='word_1_258' title='bbox 2201 2026 2395 2078; x_wconf 91' lang='lat' dir='ltr'>Globo</span> <span class='ocrx_word' id='word_1_259' title='bbox 2421 1972 2648 2079; x_wconf 50' lang='lat' dir='ltr'>lumi-2⁵</span> 
     </span>
     <span class='ocr_line' id='line_1_27' title="bbox 543 2091 2552 2156; baseline 0.003 -14"><span class='ocrx_word' id='word_1_260' title='bbox 543 2091 683 2142; x_wconf 84' lang='lat' dir='ltr'>striss.</span> <span class='ocrx_word' id='word_1_261' title='bbox 705 2092 980 2156; x_wconf 90' lang='lat' dir='ltr'>Principis</span> <span class='ocrx_word' id='word_1_262' title='bbox 999 2093 1413 2144; x_wconf 91' lang='lat' dir='ltr'>WILHELMI</span> <span class='ocrx_word' id='word_1_263' title='bbox 1434 2093 1977 2146; x_wconf 90' lang='lat' dir='ltr'>LANDTGRAVII</span> <span class='ocrx_word' id='word_1_264' title='bbox 1996 2096 2317 2156; x_wconf 88' lang='lat' dir='ltr'>HASSIAE‚</span> <span class='ocrx_word' id='word_1_265' title='bbox 2339 2096 2438 2149; x_wconf 88' lang='lat' dir='ltr'>&amp;c.</span> <span class='ocrx_word' id='word_1_266' title='bbox 2459 2098 2552 2148; x_wconf 90' lang='lat' dir='ltr'>de-</span> 
     </span>
     <span class='ocr_line' id='line_1_28' title="bbox 398 2160 2553 2229; baseline 0.004 -18"><span class='ocrx_word' id='word_1_267' title='bbox 398 2160 731 2222; x_wconf 84' lang='lat' dir='ltr'>sumtorum,</span> <span class='ocrx_word' id='word_1_268' title='bbox 753 2178 886 2213; x_wconf 91' lang='lat' dir='ltr'>cum</span> <span class='ocrx_word' id='word_1_269' title='bbox 899 2165 984 2227; x_wconf 88' lang='lat' dir='ltr'>ijs,</span> <span class='ocrx_word' id='word_1_270' title='bbox 1007 2178 1138 2226; x_wconf 86' lang='lat' dir='ltr'>quae</span> <span class='ocrx_word' id='word_1_271' title='bbox 1154 2163 1458 2215; x_wconf 90' lang='lat' dir='ltr'>calculatio</span> <span class='ocrx_word' id='word_1_272' title='bbox 1473 2179 1868 2223; x_wconf 89' lang='lat' dir='ltr'>numerorum,</span> <span class='ocrx_word' id='word_1_273' title='bbox 1890 2167 1927 2229; x_wconf 92' lang='lat' dir='ltr'>ij</span> <span class='ocrx_word' id='word_1_274' title='bbox 1933 2165 2089 2216; x_wconf 87' lang='lat' dir='ltr'>sdem</span> <span class='ocrx_word' id='word_1_275' title='bbox 2108 2167 2355 2218; x_wconf 86' lang='lat' dir='ltr'>assumtis</span> <span class='ocrx_word' id='word_1_276' title='bbox 2369 2166 2553 2227; x_wconf 86' lang='lat' dir='ltr'>Datis,</span> 
     </span>
    </p>
   </div>
   <div class='ocr_carea' id='block_1_4' title="bbox 398 2231 2647 2322">
    <p class='ocr_par' dir='ltr' id='par_1_5' title="bbox 398 2231 2647 2322">
     <span class='ocr_line' id='line_1_29' title="bbox 398 2231 2647 2322; baseline 0.003 -41"><span class='ocrx_word' id='word_1_277' title='bbox 398 2231 628 2293; x_wconf 87' lang='lat' dir='ltr'>praebet.</span> <span class='ocrx_word' id='word_1_278' title='bbox 1442 2268 1510 2319; x_wconf 46' lang='lat' dir='ltr'>II·</span> <span class='ocrx_word' id='word_1_279' title='bbox 2601 2287 2647 2322; x_wconf 73' lang='lat'>30</span> 
     </span>
    </p>
   </div>
   <div class='ocr_carea' id='block_1_5' title="bbox 398 2335 2554 2472">
    <p class='ocr_par' dir='ltr' id='par_1_6' title="bbox 398 2335 2554 2472">
     <span class='ocr_line' id='line_1_30' title="bbox 468 2335 2554 2404; baseline 0.003 -18"><span class='ocrx_word' id='word_1_280' title='bbox 468 2335 843 2387; x_wconf 87' lang='lat' dir='ltr'>Enumeratio</span> <span class='ocrx_word' id='word_1_281' title='bbox 854 2336 1268 2389; x_wconf 83' lang='lat' dir='ltr'>Distantiarum</span> <span class='ocrx_word' id='word_1_282' title='bbox 1277 2338 1698 2390; x_wconf 89' lang='lat' dir='ltr'>nonnullarum</span> <span class='ocrx_word' id='word_1_283' title='bbox 1708 2339 1983 2390; x_wconf 88' lang='lat' dir='ltr'>Fixarum</span> <span class='ocrx_word' id='word_1_284' title='bbox 1997 2355 2130 2403; x_wconf 90' lang='lat' dir='ltr'>quae</span> <span class='ocrx_word' id='word_1_285' title='bbox 2143 2355 2245 2404; x_wconf 89' lang='lat' dir='ltr'>per</span> <span class='ocrx_word' id='word_1_286' title='bbox 2255 2339 2554 2392; x_wconf 89' lang='lat' dir='ltr'>Sextantes</span> 
     </span>
     <span class='ocr_line' id='line_1_31' title="bbox 398 2405 2031 2472; baseline 0.004 -18"><span class='ocrx_word' id='word_1_287' title='bbox 398 2405 825 2457; x_wconf 86' lang='lat' dir='ltr'>Astronomicos</span> <span class='ocrx_word' id='word_1_288' title='bbox 844 2406 1249 2459; x_wconf 91' lang='lat' dir='ltr'>TYCHONIS</span> <span class='ocrx_word' id='word_1_289' title='bbox 1269 2408 1536 2459; x_wconf 89' lang='lat' dir='ltr'>BRAHE</span> <span class='ocrx_word' id='word_1_290' title='bbox 1556 2408 1870 2472; x_wconf 88' lang='lat' dir='ltr'>exploratae</span> <span class='ocrx_word' id='word_1_291' title='bbox 1888 2409 2031 2460; x_wconf 84' lang='lat' dir='ltr'>sunt.</span> 
     </span>
    </p>
   </div>
   <div class='ocr_carea' id='block_1_6' title="bbox 398 2513 2646 2817">
    <p class='ocr_par' dir='ltr' id='par_1_7' title="bbox 398 2513 2646 2817">
     <span class='ocr_line' id='line_1_32' title="bbox 467 2513 2552 2645; baseline 0.003 -16"><span class='ocrx_word' id='word_1_292' title='bbox 467 2579 726 2631; x_wconf 86' lang='lat' dir='ltr'>Altitudo</span> <span class='ocrx_word' id='word_1_293' title='bbox 742 2580 1074 2632; x_wconf 88' lang='lat' dir='ltr'>Meridiana</span> <span class='ocrx_word' id='word_1_294' title='bbox 1087 2513 1644 2645; x_wconf 54' lang='lat' dir='ltr'>quarundanfflt&#39;iam</span> <span class='ocrx_word' id='word_1_295' title='bbox 1658 2583 1966 2635; x_wconf 88' lang='lat' dir='ltr'>Stellarum</span> <span class='ocrx_word' id='word_1_296' title='bbox 1980 2582 2054 2634; x_wconf 90' lang='lat' dir='ltr'>ad</span> <span class='ocrx_word' id='word_1_297' title='bbox 2068 2589 2355 2635; x_wconf 90' lang='lat' dir='ltr'>certorum</span> <span class='ocrx_word' id='word_1_298' title='bbox 2371 2599 2552 2636; x_wconf 90' lang='lat' dir='ltr'>anno-</span> 
     </span>
     <span class='ocr_line' id='line_1_33' title="bbox 398 2651 2646 2714; baseline 0.003 -16"><span class='ocrx_word' id='word_1_299' title='bbox 398 2655 520 2699; x_wconf 92' lang='lat' dir='ltr'>tum</span> <span class='ocrx_word' id='word_1_300' title='bbox 540 2656 801 2713; x_wconf 92' lang='lat' dir='ltr'>tempora</span> <span class='ocrx_word' id='word_1_301' title='bbox 820 2666 922 2714; x_wconf 92' lang='lat' dir='ltr'>per</span> <span class='ocrx_word' id='word_1_302' title='bbox 936 2651 1303 2713; x_wconf 90' lang='lat' dir='ltr'>Quadrantes</span> <span class='ocrx_word' id='word_1_303' title='bbox 1319 2652 1571 2704; x_wconf 86' lang='lat' dir='ltr'>eiusdem</span> <span class='ocrx_word' id='word_1_304' title='bbox 1584 2652 1989 2704; x_wconf 91' lang='lat' dir='ltr'>TYCHONIS</span> <span class='ocrx_word' id='word_1_305' title='bbox 2004 2653 2270 2704; x_wconf 90' lang='lat' dir='ltr'>BRAHE</span> <span class='ocrx_word' id='word_1_306' title='bbox 2284 2654 2551 2705; x_wconf 86' lang='lat' dir='ltr'><strong>VRANI-</strong></span> <span class='ocrx_word' id='word_1_307' title='bbox 2600 2671 2646 2705; x_wconf 84' lang='lat'>35</span> 
     </span>
     <span class='ocr_line' id='line_1_34' title="bbox 399 2718 2628 2817; baseline 0.004 -49"><span class='ocrx_word' id='word_1_308' title='bbox 399 2718 634 2770; x_wconf 90' lang='lat' dir='ltr'>BVRGI</span> <span class='ocrx_word' id='word_1_309' title='bbox 656 2720 987 2772; x_wconf 84' lang='lat' dir='ltr'>Obseruata.</span> <span class='ocrx_word' id='word_1_310' title='bbox 1413 2756 1535 2808; x_wconf 43' lang='lat' dir='ltr'><strong>IIII·</strong></span> <span class='ocrx_word' id='word_1_311' title='bbox 2600 2775 2628 2817; x_wconf 31' lang='grc' dir='ltr'><em>ἢ</em></span> 
     </span>
    </p>
   </div>
   <div class='ocr_carea' id='block_1_7' title="bbox 398 2824 2553 2960">
    <p class='ocr_par' dir='ltr' id='par_1_8' title="bbox 398 2824 2553 2960">
     <span class='ocr_line' id='line_1_35' title="bbox 468 2824 2553 2890; baseline 0.002 -17"><span class='ocrx_word' id='word_1_312' title='bbox 468 2824 878 2887; x_wconf 89' lang='lat' dir='ltr'>Longitudines</span> <span class='ocrx_word' id='word_1_313' title='bbox 899 2825 950 2876; x_wconf 87' lang='lat'>&amp;</span> <span class='ocrx_word' id='word_1_314' title='bbox 969 2825 1298 2877; x_wconf 89' lang='lat' dir='ltr'>latitudines</span> <span class='ocrx_word' id='word_1_315' title='bbox 1318 2826 1539 2890; x_wconf 89' lang='lat' dir='ltr'>aliquot</span> <span class='ocrx_word' id='word_1_316' title='bbox 1554 2826 1885 2878; x_wconf 89' lang='lat' dir='ltr'>Affixarum</span> <span class='ocrx_word' id='word_1_317' title='bbox 1904 2826 2212 2878; x_wconf 86' lang='lat' dir='ltr'>Stellarum</span> <span class='ocrx_word' id='word_1_318' title='bbox 2231 2827 2305 2879; x_wconf 90' lang='lat' dir='ltr'>ad</span> <span class='ocrx_word' id='word_1_319' title='bbox 2324 2829 2553 2879; x_wconf 90' lang='lat' dir='ltr'>initium</span> 
     </span>
     <span class='ocr_line' id='line_1_36' title="bbox 398 2893 2553 2960; baseline 0.003 -18"><span class='ocrx_word' id='word_1_320' title='bbox 398 2893 557 2943; x_wconf 88' lang='lat' dir='ltr'>Anni</span> <span class='ocrx_word' id='word_1_321' title='bbox 572 2894 712 2945; x_wconf 85' lang='lat'>1587.</span> <span class='ocrx_word' id='word_1_322' title='bbox 730 2909 800 2944; x_wconf 89' lang='lat' dir='ltr'>ex</span> <span class='ocrx_word' id='word_1_323' title='bbox 816 2894 1327 2947; x_wconf 81' lang='lat' dir='ltr'>obseruationibus</span> <span class='ocrx_word' id='word_1_324' title='bbox 1347 2899 1628 2948; x_wconf 89' lang='lat' dir='ltr'>accuratis</span> <span class='ocrx_word' id='word_1_325' title='bbox 1644 2912 1746 2960; x_wconf 90' lang='lat' dir='ltr'>per</span> <span class='ocrx_word' id='word_1_326' title='bbox 1763 2896 2140 2948; x_wconf 86' lang='lat' dir='ltr'>Instrumenta</span> <span class='ocrx_word' id='word_1_327' title='bbox 2153 2897 2553 2950; x_wconf 82' lang='lat' dir='ltr'>Astronomica</span> 
     </span>
    </p>
   </div>
   <div class='ocr_carea' id='block_1_8' title="bbox 397 2961 2646 3122">
    <p class='ocr_par' dir='ltr' id='par_1_9' title="bbox 397 2961 2646 3122">
     <span class='ocr_line' id='line_1_37' title="bbox 397 2961 2646 3031; baseline 0.003 -19"><span class='ocrx_word' id='word_1_328' title='bbox 397 2961 800 3015; x_wconf 91' lang='lat' dir='ltr'>TYCHONIS</span> <span class='ocrx_word' id='word_1_329' title='bbox 812 2965 1079 3016; x_wconf 90' lang='lat' dir='ltr'><strong>BRAHE</strong></span> <span class='ocrx_word' id='word_1_330' title='bbox 1089 2965 1414 3026; x_wconf 88' lang='lat' dir='ltr'>verificatae,</span> <span class='ocrx_word' id='word_1_331' title='bbox 1428 2965 1710 3018; x_wconf 69' lang='lat' dir='ltr'>adiunctis</span> <span class='ocrx_word' id='word_1_332' title='bbox 1720 2965 2093 3030; x_wconf 88' lang='lat' dir='ltr'>Alphonfinis</span> <span class='ocrx_word' id='word_1_333' title='bbox 2105 2966 2156 3017; x_wconf 87' lang='lat'>&amp;</span> <span class='ocrx_word' id='word_1_334' title='bbox 2168 2966 2553 3031; x_wconf 90' lang='lat' dir='ltr'>Copernianis</span> <span class='ocrx_word' id='word_1_335' title='bbox 2600 2984 2646 3018; x_wconf 80' lang='lat'>40</span> 
     </span>
     <span class='ocr_line' id='line_1_38' title="bbox 398 3033 1507 3122; baseline 0.005 -41"><span class='ocrx_word' id='word_1_336' title='bbox 398 3033 715 3083; x_wconf 88' lang='lat' dir='ltr'>earundem</span> <span class='ocrx_word' id='word_1_337' title='bbox 733 3033 889 3084; x_wconf 81' lang='lat' dir='ltr'>locis,</span> <span class='ocrx_word' id='word_1_338' title='bbox 1439 3071 1507 3122; x_wconf 40' lang='lat' dir='ltr'>V-</span> 
     </span>
    </p>
   </div>
   <div class='ocr_carea' id='block_1_9' title="bbox 396 3136 2644 3471">
    <p class='ocr_par' dir='ltr' id='par_1_10' title="bbox 396 3136 2644 3471">
     <span class='ocr_line' id='line_1_39' title="bbox 467 3136 2551 3204; baseline 0.003 -18"><span class='ocrx_word' id='word_1_339' title='bbox 467 3136 622 3187; x_wconf 88' lang='lat' dir='ltr'>Loca</span> <span class='ocrx_word' id='word_1_340' title='bbox 640 3137 688 3187; x_wconf 87' lang='lat'>7.</span> <span class='ocrx_word' id='word_1_341' title='bbox 710 3136 1081 3189; x_wconf 88' lang='lat' dir='ltr'>Planetarum</span> <span class='ocrx_word' id='word_1_342' title='bbox 1099 3139 1277 3190; x_wconf 87' lang='lat' dir='ltr'>Anno</span> <span class='ocrx_word' id='word_1_343' title='bbox 1297 3140 1380 3192; x_wconf 92' lang='lat'>87.</span> <span class='ocrx_word' id='word_1_344' title='bbox 1401 3143 1577 3191; x_wconf 91' lang='lat' dir='ltr'>ternis</span> <span class='ocrx_word' id='word_1_345' title='bbox 1597 3140 1851 3204; x_wconf 90' lang='lat' dir='ltr'>Ianuarij</span> <span class='ocrx_word' id='word_1_346' title='bbox 1875 3139 2097 3191; x_wconf 89' lang='lat' dir='ltr'>Diebus</span> <span class='ocrx_word' id='word_1_347' title='bbox 2117 3140 2191 3192; x_wconf 90' lang='lat' dir='ltr'>ad</span> <span class='ocrx_word' id='word_1_348' title='bbox 2211 3146 2364 3192; x_wconf 87' lang='lat' dir='ltr'>certa</span> <span class='ocrx_word' id='word_1_349' title='bbox 2382 3140 2551 3193; x_wconf 90' lang='lat' dir='ltr'>hora-</span> 
     </span>
     <span class='ocr_line' id='line_1_40' title="bbox 397 3207 2553 3274; baseline 0.003 -19"><span class='ocrx_word' id='word_1_350' title='bbox 397 3220 528 3255; x_wconf 88' lang='lat' dir='ltr'>rum</span> <span class='ocrx_word' id='word_1_351' title='bbox 552 3214 851 3258; x_wconf 89' lang='lat' dir='ltr'>momenta</span> <span class='ocrx_word' id='word_1_352' title='bbox 869 3207 1258 3260; x_wconf 84' lang='lat' dir='ltr'>Instrumentis</span> <span class='ocrx_word' id='word_1_353' title='bbox 1277 3209 1682 3262; x_wconf 91' lang='lat' dir='ltr'>TYCHONIS</span> <span class='ocrx_word' id='word_1_354' title='bbox 1701 3209 1967 3261; x_wconf 87' lang='lat' dir='ltr'>BRAHE</span> <span class='ocrx_word' id='word_1_355' title='bbox 1988 3225 2059 3261; x_wconf 90' lang='lat' dir='ltr'>ex</span> <span class='ocrx_word' id='word_1_356' title='bbox 2084 3209 2204 3274; x_wconf 86' lang='lat' dir='ltr'>ipso</span> <span class='ocrx_word' id='word_1_357' title='bbox 2224 3210 2368 3261; x_wconf 86' lang='lat' dir='ltr'>caelo</span> <span class='ocrx_word' id='word_1_358' title='bbox 2387 3209 2553 3262; x_wconf 88' lang='lat' dir='ltr'>fimul</span> 
     </span>
     <span class='ocr_line' id='line_1_41' title="bbox 398 3275 2644 3343; baseline 0.003 -18"><span class='ocrx_word' id='word_1_359' title='bbox 398 3275 678 3338; x_wconf 86' lang='lat' dir='ltr'>inquifita‚</span> <span class='ocrx_word' id='word_1_360' title='bbox 705 3276 911 3327; x_wconf 89' lang='lat' dir='ltr'>additis</span> <span class='ocrx_word' id='word_1_361' title='bbox 936 3279 1006 3341; x_wconf 88' lang='lat' dir='ltr'>ijs</span> <span class='ocrx_word' id='word_1_362' title='bbox 1026 3293 1158 3341; x_wconf 87' lang='lat' dir='ltr'>quae</span> <span class='ocrx_word' id='word_1_363' title='bbox 1178 3278 1573 3342; x_wconf 87' lang='lat' dir='ltr'>Alphonfinus</span> <span class='ocrx_word' id='word_1_364' title='bbox 1594 3279 1645 3329; x_wconf 89' lang='lat'>&amp;</span> <span class='ocrx_word' id='word_1_365' title='bbox 1665 3279 2072 3343; x_wconf 88' lang='lat' dir='ltr'>Copernianus</span> <span class='ocrx_word' id='word_1_366' title='bbox 2093 3279 2370 3331; x_wconf 85' lang='lat' dir='ltr'>Calculus</span> <span class='ocrx_word' id='word_1_367' title='bbox 2394 3279 2550 3331; x_wconf 91' lang='lat' dir='ltr'>exhi·</span> <span class='ocrx_word' id='word_1_368' title='bbox 2599 3297 2644 3331; x_wconf 80' lang='grc'>45</span> 
     </span>
     <span class='ocr_line' id='line_1_42' title="bbox 396 3343 2549 3471; baseline 0.003 -76"><span class='ocrx_word' id='word_1_369' title='bbox 396 3344 546 3403; x_wconf 89' lang='lat' dir='ltr'>bent,</span> <span class='ocrx_word' id='word_1_370' title='bbox 567 3347 628 3395; x_wconf 90' lang='lat' dir='ltr'>in</span> <span class='ocrx_word' id='word_1_371' title='bbox 648 3345 1003 3410; x_wconf 85' lang='lat' dir='ltr'>longitudine</span> <span class='ocrx_word' id='word_1_372' title='bbox 1023 3347 1134 3398; x_wconf 91' lang='lat' dir='ltr'>loci</span> <span class='ocrx_word' id='word_1_373' title='bbox 1155 3354 1321 3399; x_wconf 84' lang='lat' dir='ltr'>terrae</span> <span class='ocrx_word' id='word_1_374' title='bbox 1341 3355 1482 3411; x_wconf 89' lang='lat' dir='ltr'>part.</span> <span class='ocrx_word' id='word_1_375' title='bbox 1504 3349 1587 3399; x_wconf 88' lang='lat'>36.</span> <span class='ocrx_word' id='word_1_376' title='bbox 1608 3351 1746 3399; x_wconf 90' lang='lat' dir='ltr'>min.</span> <span class='ocrx_word' id='word_1_377' title='bbox 1767 3349 1851 3400; x_wconf 88' lang='lat'>45.</span> <span class='ocrx_word' id='word_1_378' title='bbox 1873 3343 1893 3415; x_wconf 94' lang='grc' dir='ltr'>ΙΙ</span> <span class='ocrx_word' id='word_1_379' title='bbox 2163 3417 2549 3471; x_wconf 72' lang='lat' dir='ltr'>COLLATIO</span> 
     </span>
    </p>
   </div>
  </div>
 </body>
</html>
