2730 4212
372 289 472 339 268
715 278 1315 333 EPISTOLARUM
1340 277 2169 329 ASTRONOMICARUM

372 424 524 487 quod
557 421 995 473 obseruationes
1032 416 1142 466 hoc
1175 415 1513 477 Quadrante
1545 415 1707 466 fiunt.
1746 416 1964 466 Ibidem
2000 422 2280 478 praeterea
2311 416 2511 468 Archi-

370 493 643 543 tedtonica
664 488 930 551 quaedam
950 485 1257 548 defignatio
1276 484 1483 542 vifitur,
1510 488 1571 535 in
1598 500 1715 547 qua
1740 484 1973 535 diuerfis
1994 485 2514 548 contignationibus

369 563 615 625 plurima
642 574 710 608 ex
736 557 863 619 alijs
888 555 1059 617 ipfius
1079 554 1466 603 Instrumentis
1492 554 1779 604 delineata
1803 554 1945 611 sunt,
1972 553 2252 617 fimulque
2273 554 2514 606 Studiofi

370 631 477 680 istis
498 629 899 689 adiunguntur,
922 639 990 674 ea
1011 622 1366 685 dispofitione
1388 621 1607 685 depicti,
1635 624 1918 685 quainter
1937 622 2361 674 obseruandum
2381 640 2512 675 con-

368 700 695 761 spiciuntur;
722 695 965 755 Vnaque
987 692 1335 750 Studorium‚
1361 691 1457 741 vbi
1476 692 1697 754 aliquot
1716 691 1928 742 menfae
1948 690 2156 754 appicti
2176 693 2420 753 assident,
2446 709 2514 744 ac
2562 711 2583 745 5

368 768 407 817 fi
432 767 620 829 studijs
646 765 756 814 fuis
777 761 1366 822 calculationibusque
1387 767 1820 823 occuparentur.
1848 760 2004 811 Infra
2024 764 2198 812 etiam
2217 761 2514 814 TYCHO-

369 836 492 886 NIS
512 834 862 895 Laboratorij
886 831 1250 894 Pyronomici
1270 829 1578 892 defignatio
1598 829 1887 893 fubijcitur
1907 845 2040 880 cum
2059 829 2388 882 fornacibus
2413 831 2514 883 ali-

369 911 520 967 quot,
542 919 608 954 ac
627 905 712 965 ijs,
734 904 833 963 qui
853 900 978 950 istas
999 905 1212 949 curent.
1234 898 1382 949 Haec
1403 901 1603 949 omnia
1622 914 1743 949 non
1763 899 1927 949 aliter
1945 905 2065 950 arte
2085 898 2324 963 pictoria
2336 904 2399 951 in
2411 904 2514 951 mi-

368 977 494 1024 nori
523 973 707 1022 forma
735 969 1135 1033 repraesentata
1159 968 1300 1026 funt,
1331 983 1510 1030 quam
1535 967 1576 1018 fi
1601 983 1637 1018 a
1662 967 1934 1031 praedic'ta
1957 971 2166 1019 maiori
2192 969 2392 1034 Effigie
2418 971 2514 1022 ad-

366 1043 604 1093 modum
629 1045 1079 1095 remouerentur,
1106 1037 1235 1087 licet
1260 1039 1321 1086 in
1347 1036 1552 1087 eodem
1577 1037 1754 1100 plano
1774 1040 1965 1088 vicina
1987 1038 2106 1089 fint.
2133 1038 2342 1090 Infimo
2367 1039 2513 1099 loco,
2567 1057 2608 1091 ιο

366 1112 602 1175 pedibus
618 1110 836 1160 adiacet
849 1123 997 1158 vnus
1013 1122 1083 1156 ex
1098 1107 1335 1157 canibus
1349 1106 1520 1168 ipfius
1534 1109 1826 1165 venaticiS,
1845 1107 2096 1158 eiusdem
2110 1108 2337 1171 prorsus
2352 1111 2515 1160 cuius

367 1188 485 1231 erat
516 1179 944 1242 magnitudinis;
976 1191 1097 1226 non
1125 1182 1244 1226 tam
1273 1175 1619 1235 Nobilitatis‚
1653 1192 1831 1239 quam
1861 1176 2193 1240 Sagacitatis
2222 1177 2273 1228 &
2301 1180 2511 1242 ingenij

366 1249 716 1314 Symbolum.
744 1247 1154 1309 Adiunguntur
1173 1260 1311 1295 vero
1331 1251 1455 1295 tum
1475 1245 1704 1309 Effigies
1723 1245 1866 1305 haec,
1893 1253 2016 1297 tum
2036 1246 2260 1310 reliqua
2278 1246 2514 1311 pictura,

366 1322 426 1369 in
441 1334 576 1369 area
590 1318 761 1367 huius
778 1316 1144 1378 QuadrantiS‚
1162 1314 1359 1365 saltem
1373 1321 1611 1366 ornatus
1627 1317 1818 1374 causa,
1840 1315 1891 1366 &
1910 1331 1983 1366 ne
1997 1316 2252 1379 spacium
2264 1332 2516 1368 vacuum

366 1388 794 1450 relinqueretur.
1365 1418 1516 1469 XVI·
2567 1404 2608 1437 1⁵

435 1492 499 1541 In
520 1490 743 1541 Musaeo
765 1489 881 1551 (vbi
900 1487 1304 1539 TYCHONIS
1324 1488 1567 1539 Studiofi
1586 1489 1836 1539 interdiu
1856 1489 2068 1554 Studijs
2087 1490 2444 1550 incumbunt,
2465 1491 2517 1542 &

367 1561 744 1623 Operationes
758 1558 1183 1608 Astronomicas
1198 1565 1479 1617 exercent,
1498 1559 1594 1609 vbi
1612 1561 1785 1609 etiam
1800 1561 1924 1610 eius
1939 1559 2295 1611 Bibliotheca
2308 1563 2515 1623 reperi-

363 1638 469 1689 tur,
490 1629 661 1691 idque
682 1631 742 1678 in
758 1628 949 1678 media
964 1630 1389 1691 contignatione
1403 1628 1669 1678 rotundae
1683 1627 2001 1680 Turriculae
2015 1629 2209 1680 versus
2223 1629 2515 1692 Austrum)

366 1698 667 1750 GLOBVS
684 1712 928 1761 magnus
943 1697 1194 1756 confiflit,
1216 1700 1315 1760 qui
1329 1697 1702 1760 vndiquaque
1716 1696 1930 1749 selectis
1945 1699 1996 1749 &
2010 1698 2373 1750 denfiufculis
2389 1699 2515 1751 Ori·
2564 1716 2609 1750 20

365 1769 546 1819 chalci
559 1768 788 1818 laminis
803 1764 1081 1818 obductus
1096 1766 1184 1826 est,
1205 1767 1378 1829 idque
1399 1767 1546 1817 adeo
1562 1767 1846 1827 industrie,
1868 1783 1935 1819 ac
1950 1767 1990 1818 fi
2004 1783 2075 1819 ex
2088 1768 2268 1820 solido
2281 1768 2516 1820 metallo

363 1838 516 1888 fusus
535 1837 699 1896 foret;
722 1837 772 1887 &
793 1836 1066 1899 exquifita
1087 1839 1261 1887 etiam
1277 1837 1651 1900 vndiquaque
1672 1837 1884 1888 constat
1902 1838 2266 1889 rotunditate.
2289 1838 2448 1901 Quin
2466 1838 2517 1890 &

363 1907 562 1970 finguli
577 1906 809 1957 Gradus
828 1913 946 1956 tarn
966 1908 1027 1955 in
1046 1906 1381 1969 AEquatore,
1403 1921 1581 1969 quam
1600 1909 1662 1957 in
1682 1907 1970 1970 Ecliptica,
1990 1923 2092 1970 per
2111 1905 2324 1971 puncta
2342 1908 2515 1959 tranf-

363 1977 604 2027 uerfalia
630 1979 690 2026 in
715 1976 1004 2039 sexaginta
1024 1976 1258 2026 Minuta
1282 1975 1549 2026 subdiuifi
1573 1976 1715 2027 funt.
1743 1977 1939 2028 Habet
1959 1979 2115 2028 enim
2134 1980 2195 2028 in
2215 1977 2516 2029 Diametro

363 2047 410 2096 6.
431 2046 619 2109 pedes,
647 2046 714 2096 Et
733 2045 1112 2104 MeridianuS,
1134 2048 1195 2095 in
1216 2061 1333 2108 quo
1353 2053 1601 2109 gyratur,
1623 2061 1694 2096 ex
1713 2049 1933 2110 integro
1955 2046 2217 2111 Chalybe
2238 2047 2326 2106 est,
2354 2050 2517 2098 cuius
2565 2064 2610 2098 25

363 2130 593 2178 quoque
610 2115 842 2166 Gradus
856 2114 1103 2165 vniuerfi
1116 2117 1178 2165 in
1191 2114 1411 2179 fingula
1424 2116 1657 2166 Minuta
1672 2116 2094 2167 distribuuntur.
2110 2117 2378 2168 Horizon
2390 2117 2516 2169 Ori·
2567 2155 2571 2158 -

362 2185 561 2235 chalco
586 2185 891 2247 spitamum
916 2184 1033 2235 lato
1059 2184 1301 2248 superne
1322 2183 1602 2236 obducius
1623 2185 1711 2245 est,
1738 2185 1960 2237 habens
1981 2186 2215 2238 Gradus
2234 2185 2365 2237 suos
2383 2187 2516 2237 Azi-

361 2254 663 2305 muthaleS.
686 2254 955 2305 Fulcrum
968 2269 1124 2313 vem,
1146 2255 1303 2317 quod
1324 2257 1542 2305 circiter
1561 2256 1609 2306 5.
1630 2255 1805 2318 pedes
1819 2255 2002 2306 altum
2017 2256 2106 2315 est,
2127 2255 2344 2307 affabre
2358 2255 2517 2308 factis

360 2324 718 2375 ferramentis
744 2327 847 2374 rite
875 2323 1244 2383 connectitur,
1273 2327 1353 2375 ita
1377 2331 1436 2375 vt
1464 2324 1723 2376 Globum
1749 2328 2162 2377 conuenienter
2187 2341 2254 2377 ac
2279 2325 2517 2376 firmiter

360 2394 623 2444 sustinere
651 2395 826 2456 possit;
856 2396 917 2444 in
947 2409 1064 2457 quo
1094 2396 1268 2445 etiam
1291 2397 1435 2458 varij
1465 2394 1710 2446 artifices
1737 2394 2138 2447 Mathematici
2163 2394 2402 2447 inferius
2427 2411 2515 2446 or·
2564 2412 2609 2446 30

360 2470 528 2514 natus
548 2466 728 2527 gratia
748 2462 951 2527 depicti
972 2463 1410 2527 conspiciuntur.
1433 2459 1453 2531 ΙΙ

430 2533 586 2583 Huic
618 2539 812 2583 autem
845 2533 1038 2584 Globo
1070 2536 1131 2584 in
1163 2536 1432 2584 exteriori
1463 2534 1803 2585 Horizontis
1839 2534 2018 2586 limbo
2051 2535 2232 2586 oculis
2263 2537 2516 2598 primum
2547 2543 2632 2587 238

360 2602 535 2653 obuio
556 2605 746 2653 aureis
766 2603 940 2653 literis
960 2603 1032 2653 fic
1052 2603 1537 2667 circumscriptum
1558 2603 1645 2654 eft.

526 2707 700 2758 NNO
727 2708 782 2757 A
809 2707 1147 2759 CHRISTO
1179 2707 1394 2760 NATO
1425 2708 1572 2760 CK).
1600 2707 1694 2760 10.
1720 2708 1982 2762 XXCIV.
2013 2708 2446 2761 REGNANTE

584 2777 667 2826 IN
698 2777 956 2827 DANIA
985 2777 1398 2829 FRIDERICO
1428 2778 1816 2838 SECVNDO,
1846 2778 2076 2830 HVNC
2106 2778 2447 2830 COELESTI
2565 2795 2610 2829 3⁵

429 2846 839 2897 MACHINAE
851 2847 1362 2898 CONFORMEM
1375 2847 1728 2908 GLOBVM,
1744 2848 1828 2898 IN
1841 2847 2005 2910 QVO
2017 2848 2304 2899 AFFIXA
2317 2848 2446 2900 OC-

429 2914 640 2965 TAVAE
678 2916 1026 2967 SPHAERAE
1064 2917 1367 2968 SYDERA
1406 2917 1750 2970 COELITVS
1789 2917 2139 2969 ORGANIS
2177 2917 2446 2969 DEPRE-

430 2984 714 3044 HENSA,
736 2986 893 3037 SVIS
914 2986 1251 3048 QVAEQVE
1272 2987 1496 3038 LOCIS
1512 2987 1990 3039 ADAMVSSIM
2010 2987 2446 3039 REPRAESEN-

430 3053 647 3104 TARE:
681 3055 1302 3119 ERRANTIVMQVE
1334 3056 1799 3108 STELLARVM
1830 3057 1969 3108 PER
2000 3057 2193 3109 HAEC
2224 3057 2446 3108 APPA-

431 3123 759 3175 RENTIAS
788 3125 1361 3177 PERVESTIGARE
1391 3126 1800 3178 DECREVIT:
1835 3126 2065 3178 COELO
2094 3126 2446 3178 TERRIGE-
2565 3142 2610 3177 40

431 3193 571 3251 NIS,
583 3192 715 3254 QVI
728 3194 1135 3246 RATIONEM
1149 3196 1322 3246 EAM
1333 3196 1691 3256 CAPIVNT,
1701 3196 2193 3248 MECHANICO
2204 3196 2447 3247 OPERE

430 3261 874 3322 PATEFACTO,
895 3263 1168 3316 TYCHO
1190 3265 1456 3316 BRAHE
1478 3266 1547 3318 Ο.
1569 3266 1626 3317 F.
1655 3265 1797 3317 SIBI
1817 3265 1914 3316 ET
1933 3265 2288 3386 POSTllizRIS
2307 3265 2366 3316 F.
2386 3265 2445 3387 Ft.

2159 3350 2424 3387 nuemun
2447 3350 2517 3386 ur
