2748 4204
423 317 525 368 208
769 308 1370 363 EPISTOLARUM
1397 306 2228 360 ASTRONOMICARUM

422 454 723 517 procreari.
751 447 1073 511 Longitudo
1099 452 1294 498 autem
1320 445 1522 496 caudae
1549 449 1698 497 circa
1723 449 1972 509 primam
1991 449 2414 509 apparitionem
2432 447 2569 498 vise-

422 525 602 580 batur,
630 519 786 582 quafi
812 519 1009 568 decem
1033 516 1107 567 ad
1133 515 1422 565 summum
1446 516 1747 578 graduum,
1773 515 2139 578 sequentibus
2163 515 2345 567 statim
2371 517 2572 568 diebus

422 588 759 642 contractior
783 586 1017 642 reddita,
1045 584 1192 635 adeo
1211 590 1271 634 vt
1290 586 1441 634 circa
1461 584 1656 647 Martij
1679 587 1962 648 principia
1980 591 2141 636 tanta
2160 584 2410 637 exilitate
2431 587 2571 646 esset,

420 667 477 710 vt
497 662 557 709 in
575 657 763 707 sensus
784 655 1087 705 oculorum
1106 655 1203 703 vix
1222 656 1551 703 incurreret.

489 723 991 777 PARALLAXES
1010 722 1185 773 huius
1205 722 1483 780 Cometae,
1511 728 1730 784 quanta
1748 721 1873 773 fieri
1892 725 2076 786 potuit
2094 723 2403 788 diligentia,
2425 723 2570 775 scru-

420 804 568 848 tatus
588 795 726 853 sum,
754 809 824 844 ex
845 808 961 856 quo
980 792 1168 850 sciam,
1197 806 1400 842 earum
1423 790 1723 851 benefici0‚
1750 792 1807 842 id
1834 793 1990 855 quod
2008 794 2351 856 potissimum
2369 796 2432 844 in
2449 794 2571 845 tali-

419 867 525 917 bus
550 864 957 914 Phaenomenis
983 877 1018 912 a
1042 860 1401 923 Philosophis
1427 860 1860 911 controuersum
1889 861 1978 921 est,
2009 862 2199 913 dirimi
2225 864 2388 926 posse.
2419 863 2572 915 Con-

419 935 669 986 fideratis
691 947 829 983 vero
857 931 907 981 8(
932 936 1196 982 accurate
1224 929 1481 992 expenfis
1507 930 1777 981 omnibus
1804 930 2314 992 obseruationibuS‚
2342 935 2466 983 eius
2490 935 2574 983 rei

419 1004 599 1068 gratia
635 1002 814 1053 tribus
843 1000 936 1051 vel
972 1006 1221 1063 quatuor
1252 997 1587 1050 exadtissime
1620 999 1927 1051 elaboratis
1958 1001 2347 1053 Instrumentis
2377 1001 2574 1053 sedulo

419 1073 642 1130 habitis,
670 1071 893 1121 nullam
918 1069 1162 1132 prorsuS,
1189 1083 1262 1119 ne
1287 1068 1522 1131 quidem
1541 1071 1713 1120 vnius
1732 1069 1981 1133 scrupuli
1999 1073 2061 1121 in
2079 1070 2191 1122 hoc
2212 1071 2458 1123 Cometa
2477 1071 2573 1122 ad-

421 1144 620 1193 inueni
640 1138 893 1204 aspectus
914 1138 1312 1198 diuerfitatem‚
1334 1137 1642 1189 collatione
1661 1145 1782 1190 tam
1800 1139 2160 1200 sublimioriS,
2188 1156 2366 1204 quam
2385 1141 2573 1192 humi·

420 1212 578 1262 lioris
597 1210 745 1269 fituS‚
766 1225 883 1260 vna
903 1224 1035 1259 cum
1054 1214 1217 1258 motu
1236 1209 1486 1270 proprio,
1507 1207 1906 1271 saepenumero
1924 1208 2197 1261 subtiliter
2210 1210 2261 1261 8(
2278 1210 2576 1275 diligenter

419 1281 681 1332 instituta.
710 1280 882 1337 Nam,
908 1278 1009 1329 suo
1031 1277 1196 1328 cursu
1214 1278 1435 1328 Arcum
1455 1278 1652 1329 circuli
1670 1281 1732 1328 in
1752 1278 1996 1342 Sphaera
2019 1282 2277 1340 maximi,
2304 1279 2575 1344 exquisite

421 1357 540 1402 toto
568 1350 963 1413 Apparitionis
990 1355 1248 1410 tempore
1277 1346 1570 1410 descripsit,
1603 1348 1766 1398 nullo
1796 1349 2031 1400 Minuto
2063 1349 2135 1400 ab
2167 1348 2280 1401 hoc
2306 1349 2485 1401 vllam
2514 1352 2577 1400 in

422 1427 643 1483 partem
662 1417 999 1482 digrediens,
1021 1417 1176 1480 (quae
1193 1416 1327 1467 sane
1342 1419 1560 1468 itineris
1573 1416 1673 1468 sub
1689 1419 1895 1469 eodem
1907 1421 2133 1470 tramite
2147 1417 2396 1478 directiO,
2416 1426 2576 1471 tanto

422 1496 677 1552 tempore
710 1490 1060 1545 continuata,
1094 1486 1404 1537 Metheoro
1435 1488 1497 1537 in
1528 1489 1662 1538 aere
1690 1487 1986 1539 sublunari
2014 1488 2310 1552 diuaganti
2336 1491 2576 1540 minime

423 1556 800 1622 competebat)
829 1557 1002 1619 idque
1031 1562 1151 1607 tam
1179 1558 1241 1606 in
1268 1555 1511 1615 sublimi,
1542 1571 1721 1620 quam
1749 1557 1958 1609 decliui
1986 1558 2285 1610 altitudine
2314 1558 2576 1610 obserua-

421 1631 576 1679 tione
595 1626 758 1685 fac'ta,
781 1626 831 1676 8(
851 1623 1322 1685 Κεῐτεᾶἰὶοηίὺιιε,
1342 1626 1438 1677 vbi
1459 1641 1606 1689 opus
1627 1633 1763 1686 erat,
1789 1626 1919 1678 scite
1940 1630 2189 1679 enitatis:
2217 1643 2366 1692 quae,
2392 1627 2433 1679 fi
2455 1627 2576 1679 sen-

421 1697 636 1749 fibilem
654 1696 899 1748 Cometa
918 1695 1209 1747 admifisset
1228 1695 1575 1755 Parallaxin,
1595 1698 1849 1747 inuicem
1869 1712 2184 1761 congruere
2203 1713 2578 1761 nequaquam

421 1767 668 1831 potuisse‚
697 1766 1081 1817 Geometricae
1102 1765 1611 1817 demonstrationes
1635 1768 1926 1826 euincunt‚
1955 1774 2014 1818 vt
2039 1770 2224 1819 cuiuis
2249 1767 2349 1819 ista
2372 1767 2576 1818 intelli-

2626 1087 2667 1123 10

2629 1435 2670 1471 15

2625 1783 2671 1818 20

421 1839 574 1901 genti
598 1836 727 1887 satis
753 1831 774 1902 ΙΙ
799 1835 992 1898 liquet.
1019 1835 1256 1886 Accedit
1281 1835 1511 1898 insuper
1537 1835 1588 1886 8(
1613 1836 1740 1896 hoc,
1767 1838 1924 1900 quod
1948 1843 2174 1888 motum
2198 1839 2498 1900 proprium
2516 1839 2579 1887 in
2613 1845 2693 1888 178

421 1907 522 1957 suo
535 1908 736 1956 itinere
750 1921 871 1956 non
885 1905 1064 1964 aliter,
1080 1920 1214 1956 cum
1226 1905 1481 1956 sublimis
1497 1906 1636 1965 esset,
1650 1913 1823 1970 atque
1837 1906 2130 1966 decliuior‚
2146 1909 2578 1970 comparatione

423 1976 675 2040 diligenti
702 1975 1003 2038 vtrobique
1031 1973 1180 2026 facta
1212 1975 1357 2038 (vtut
1384 1975 1645 2038 pluribus
1676 1975 1992 2040 interlapsis
2023 1975 2206 2039 horis)
2239 1975 2576 2035 exhibuerit,

423 2061 601 2109 quam
620 2044 733 2108 ipse
752 2052 945 2096 motus
959 2045 1217 2104 diurnuS,
1238 2060 1275 2096 a
1293 2045 1653 2108 praecedente
1667 2048 1728 2096 in
1741 2045 2073 2109 sequentem
2087 2046 2240 2097 diem
2255 2061 2286 2097 e
2301 2046 2578 2097 confimili

422 2115 721 2166 altitudine
753 2115 975 2165 elicitus
1007 2115 1348 2178 requirebat,
1380 2114 1579 2166 habito
1609 2131 1727 2166 vna
1757 2116 2168 2179 inaequalitatis
2198 2119 2448 2180 propriae
2476 2115 2577 2167 ali-

423 2185 769 2248 quantulum
795 2185 1167 2235 coincidentis
1189 2183 1456 2248 respectu.
1485 2184 1660 2247 Quod
1679 2185 1809 2236 satis
1827 2186 2145 2237 indubitate
2166 2188 2457 2237 conuincit
2475 2186 2576 2237 Pa-

422 2255 708 2306 rallaxeos
733 2254 1187 2318 implicationem
1211 2257 1396 2305 motui
1416 2257 1541 2305 eius
1560 2257 1814 2319 genuino
1834 2255 1982 2306 nihil
2001 2256 2304 2320 derogasse;
2330 2256 2578 2318 ideoque

423 2340 569 2385 eam,
589 2324 682 2375 vel
700 2324 928 2388 prorsus
947 2324 1188 2383 nullam,
1209 2324 1302 2375 vel
1320 2324 1455 2375 sane
1474 2324 1722 2376 sensibus
1740 2325 2230 2389 inperceptibilem
2248 2325 2424 2384 fuisse;
2445 2339 2579 2376 cum

421 2402 617 2446 tamen
635 2394 675 2444 fi
693 2394 787 2445 vel
805 2397 867 2445 in
891 2394 1010 2458 ipso
1032 2393 1290 2458 Sphaerae
1310 2395 1558 2445 Lunaris
1583 2410 1845 2446 concauo
1871 2395 2098 2446 cursum
2123 2395 2446 2447 exercuisset
2466 2395 2577 2447 Co·

418 2471 614 2524 meteS‚
640 2464 769 2515 satis
797 2465 1036 2515 euidens
1055 2467 1117 2515 in
1136 2471 1299 2515 motu
1326 2467 1466 2524 eiuS,
1492 2468 1717 2515 ratione
1736 2465 2124 2524 ParallaerS,
2151 2465 2448 2516 anomalia
2466 2464 2577 2516 sese

420 2534 762 2593 exhibuisset,
785 2550 917 2597 quae
938 2537 1113 2585 etiam
1133 2534 1524 2585 Instrumentis
1544 2534 1743 2585 nostris
1763 2550 1885 2586 non
1905 2535 2139 2586 obscure
2158 2535 2426 2599 patuisset.

488 2604 979 2655 Euidentissimum
1007 2611 1204 2655 autem
1232 2603 1602 2655 Parallaxeos
1635 2607 1906 2656 carentiae
1937 2604 2323 2656 testimonium
2353 2604 2577 2668 praebu-

420 2680 585 2724 erunt
614 2673 1042 2725 obseruationes
1072 2675 1163 2725 die
1189 2675 1226 2725 1.
1254 2680 1427 2737 atque
1452 2674 1501 2725 2.
1529 2674 1725 2739 Martij
1757 2674 2035 2737 peculiari
2065 2675 2204 2725 cura
2229 2673 2576 2738 conquifitae,

419 2743 654 2806 quando
684 2743 734 2793 8(
764 2744 1035 2795 Cometes
1065 2744 1134 2795 de
1164 2746 1547 2795 concitatione
1576 2743 1678 2795 sua
1704 2744 2023 2807 plurimum
2050 2743 2356 2804 remiserat,
2385 2749 2577 2807 vtpote

418 2813 614 2864 saltem
643 2819 836 2864 ternos
866 2816 1083 2864 circiter
1111 2814 1322 2877 gradus
1349 2816 1501 2864 intra
1527 2816 1760 2865 vnicam
1791 2814 2219 2865 reuolutionem
2249 2812 2576 2873 conficienS,

419 2898 551 2933 cum
571 2882 643 2933 ab
663 2885 827 2934 initio
850 2883 1154 2947 plusquam
1173 2883 1434 2947 septenos
1455 2883 1790 2944 absolueret,
1812 2883 1862 2934 8(
1883 2884 2040 2947 quod
2059 2886 2419 2947 praecipuum
2440 2889 2576 2942 erat,

418 2955 786 3015 maximeque
801 2954 874 3003 ad
889 2955 971 3004 rei
986 2954 1347 3016 inquirendae
1364 2954 1763 3005 certitudinem
1776 2953 2036 3013 faciebat,
2057 2954 2444 3004 Horizontem
2456 2967 2578 3004 non

417 3021 653 3081 subibat,
688 3022 781 3073 sed
813 3023 886 3073 ob
918 3023 1262 3086 ampliorem
1293 3022 1387 3074 hic
1419 3023 1544 3074 Poli
1576 3023 1988 3075 exaltationem
2021 3026 2083 3074 in
2114 3023 2231 3087 ipsa
2263 3022 2579 3074 Meridiani

419 3091 863 3153 Septentrionali
882 3099 1059 3155 parte,
1080 3093 1302 3155 aliquot
1321 3092 1512 3144 adhuc
1531 3092 1802 3157 gradibus
1819 3092 1990 3156 supra
2004 3093 2315 3144 Finitorem
2332 3092 2575 3151 extabat,

419 3161 575 3223 quod
601 3159 1003 3224 Spectaculum
1027 3164 1089 3212 in
1113 3162 1451 3222 Germania,
1477 3163 1573 3214 vbi
1598 3163 1772 3214 Polus
1798 3162 2077 3214 decliuior
2102 3162 2294 3222 existit,
2320 3164 2417 3213 vix
2443 3176 2575 3212 con-

420 3230 740 3282 cedebatur.
768 3231 1041 3282 Indicabo
1068 3238 1264 3282 autem
1289 3231 1563 3283 breuibus
1589 3232 1640 3283 8(
1665 3232 2010 3292 summatim,
2037 3233 2333 3295 quomodo
2353 3247 2385 3283 e
2405 3229 2576 3282 dicto-

418 3314 549 3350 rum
577 3300 802 3351 dierum
831 3300 1428 3352 animaduersionibus
1455 3301 1740 3353 Cometen
1766 3304 1957 3353 omnis
1981 3301 2351 3353 Parallaxeos
2380 3315 2576 3364 exper-

2461 3377 2577 3421 tem

2625 2132 2670 2167 25

2626 2480 2672 2516 30

2625 2829 2670 2864 35

2625 3177 2670 3211 40
