2748 4204
0 0 143 218 V

1054 322 1300 375 LIBER
1326 322 1649 375 PRIMUS
2396 326 2453 376 41

165 488 214 530 13
260 467 994 533 OBSERVATIONES
1028 466 1446 527 COMETAE
1479 467 1723 527 ANNI
1768 468 1919 528 1585
1952 468 2452 528 VRANIBVR-

376 562 460 615 GI
487 562 573 614 IN
600 559 880 619 DANIA,
909 557 1244 619 HABITAE,
1273 557 1371 609 ET
1397 558 1974 611 ILLVSTRISSIMO
2002 559 2336 612 PRINCIPI

538 641 989 695 WILHELMO
1018 640 1329 693 HASSIAE
1355 640 1936 693 LANDTGRAVIO
1965 641 2169 694 COM-

730 722 1170 776 MVNICATAE
1196 724 1253 774 A
1272 722 1667 776 TYCHONE
1694 724 1981 776 BRAHE.

582 811 607 877 ὲ
725 817 1230 871 RAECEDENTE
1250 818 1449 878 Ann0,
1474 821 1576 882 qui
1598 817 1762 870 suita
1782 826 1922 870 nato
1944 819 2288 872 CHRISTO
2310 821 2454 880 1585,

338 929 340 931 -
513 951 527 956 ‚q
725 891 840 942 Die
860 890 918 942 18
939 888 1223 950 OctobriS,
1252 905 1388 941 cum
1413 889 1534 954 post
1560 889 1868 941 diuturnas
1894 890 2029 941 inde
2054 890 2172 942 fere
2194 890 2267 942 ab
2288 894 2454 943 initio

324 958 354 1011 Vt
424 959 512 1025 s*
535 947 599 1029 ss
618 959 689 1026 Ω,
724 961 983 1013 eiusdem
1008 961 1229 1012 Mensis
1257 960 1647 1020 obscuritate&
1677 961 1728 1012 &
1754 961 2091 1024 pluuiosum
2114 962 2455 1026 tempestuo-

423 1076 434 1092 „
474 1070 481 1075 -
510 1035 525 1102 ]
606 1032 653 1057 *‘
722 1033 967 1097 sumque
988 1033 1160 1084 Acris
1186 1031 1409 1091 statum,
1439 1038 1715 1095 exoptata
1733 1031 2009 1083 serenitas
2036 1032 2290 1084 restituta
2314 1034 2454 1093 esset,

339 1099 351 1110 ²
518 1106 534 1166 ἶ
612 1119 637 1157 7
672 1138 677 1140 -
723 1104 931 1155 volens
952 1103 1227 1155 consueto
1248 1118 1431 1163 more,
1455 1119 1575 1154 vna
1596 1118 1731 1154 cum
1751 1105 1898 1154 meis
1918 1103 2308 1155 Astronomiae
2330 1104 2455 1156 Stu-

295 1208 298 1209 ν
575 1193 578 1206 ³
654 1198 673 1213 «ι
727 1175 913 1235 dios1S‚
945 1174 1260 1227 Stellarum
1288 1176 1646 1239 apparentijs
1675 1189 1779 1237 per
1806 1174 2190 1226 Instrumenta
2219 1175 2456 1226 demeti-

259 1251 422 1301 endis
447 1246 772 1311 inuigilare,
800 1246 1195 1298 animaduerti
1222 1261 1294 1297 ex
1319 1244 1639 1309 improuiso
1667 1245 1907 1297 Stellam
1934 1246 2236 1309 quandam
2259 1246 2456 1298 Asciti-

259 1322 425 1379 ciam,
456 1317 715 1378 obscuro,
745 1333 881 1369 raro
912 1317 964 1368 &
993 1316 1275 1369 nebuloso
1303 1316 1528 1368 lumine
1558 1317 1883 1380 praeditam,
1914 1332 2095 1381 prope
2122 1317 2310 1368 linum
2336 1318 2457 1369 Au-

258 1390 527 1443 stralioris
557 1388 743 1449 PisciS,
771 1404 906 1453 quae
933 1395 1055 1440 tota
1079 1388 1183 1440 sua
1208 1387 1401 1440 forma
1426 1387 1707 1440 nebuloso
1733 1403 1891 1453 gyr0‚
1920 1404 2098 1452 quem
2123 1388 2378 1453 praesepe
2402 1396 2458 1444 (ῖς)

258 1468 485 1522 vocant,
513 1475 694 1525 quam
719 1460 990 1511 fimilima
1017 1466 1156 1520 erat,
1183 1459 1287 1510 nifi
1316 1459 1475 1523 quod
1502 1459 1576 1511 ab
1603 1462 1770 1510 initio
1798 1462 1950 1511 circa
1975 1459 2134 1511 hunc
2160 1459 2211 1510 &
2235 1459 2459 1524 aliquot

171 1553 211 1587 15
259 1533 560 1598 sequentes
590 1531 729 1592 dies,
759 1531 873 1583 hoc
902 1531 1023 1596 ipso
1053 1547 1195 1596 gyro
1225 1531 1531 1595 aliquanto
1561 1533 1752 1582 maior
1778 1530 2105 1591 videbatur;
2135 1531 2305 1582 Adeo
2331 1537 2391 1582 vt
2419 1530 2461 1582 fi

261 1605 408 1670 ipsas
429 1606 817 1655 extremitates
838 1605 1169 1655 accuratius
1190 1605 1321 1666 quis
1341 1605 1681 1662 intueretur,
1710 1602 1869 1653 Iouis
1890 1601 2130 1654 Stellam
2154 1605 2460 1666 apparenti

258 1675 676 1741 magnitudine,
703 1676 1155 1739 quamproxime
1181 1673 1539 1738 adaequaret,
1568 1673 1700 1725 licet
1726 1673 1800 1725 ob
1827 1673 2068 1725 luminis
2095 1673 2277 1724 obtufi
2302 1680 2458 1725 tene-

259 1746 546 1800 bricosum
572 1744 882 1810 aspectum,
910 1760 1294 1809 nequaquam
1320 1745 1470 1797 adeo
1496 1744 1810 1809 perspicue,
1838 1751 1898 1796 vt
1923 1744 2181 1796 Planetae
2202 1744 2296 1795 vel
2316 1745 2460 1796 Fixa

261 1818 463 1871 Sidera
491 1817 726 1869 Mundo
756 1832 965 1869 coaeua
994 1816 1180 1868 oculis
1205 1816 1319 1868 sese
1345 1818 1646 1881 ingereret.
1678 1816 1810 1867 Fuit
1838 1822 2038 1867 autem
2062 1818 2125 1867 in
2150 1815 2347 1867 media
2374 1815 2459 1867 sui

167 1908 212 1943 20
261 1889 541 1955 Corporis
568 1895 732 1954 parte
762 1887 1141 1953 compactiori
1169 1888 1395 1939 lumine
1424 1887 1687 1952 praedita,
1718 1890 1871 1939 circa
1900 1890 2290 1939 extremitates
2318 1902 2459 1939 vero

258 1964 445 2013 rarior
465 1960 517 2012 &
537 1959 934 2024 disparentior.
960 1960 1442 2023 Circumquaque
1464 1961 1642 2010 etiam
1661 1958 1837 2023 plane
1858 1958 2112 2010 rotunda
2133 1960 2329 2018 extitit,
2351 1974 2459 2010 nec

257 2031 439 2084 vllam
468 2032 721 2084 caudam
750 2038 852 2083 aut
879 2031 1124 2083 barbam
1154 2033 1217 2082 in
1242 2046 1425 2083 vnam
1449 2033 1635 2095 magis
1662 2045 1845 2094 quam
1870 2029 2052 2081 aliam
2076 2036 2302 2094 partem
2327 2045 2458 2094 pro-

258 2103 544 2163 tendebat,
578 2103 683 2154 nifi
712 2102 872 2167 quod
902 2103 1017 2154 Die
1046 2102 1116 2154 20
1143 2101 1195 2153 &
1221 2102 1290 2153 22
1321 2101 1471 2153 exile
1501 2101 1801 2166 quoddam
1831 2100 2130 2165 vestigium
2159 2100 2459 2152 cuiusdam

257 2174 455 2227 tenelli
474 2174 686 2227 radioli
699 2177 798 2226 vix
813 2173 1119 2239 spithamae
1133 2173 1516 2238 longitudine,
1539 2189 1658 2237 quo
1673 2173 1747 2224 ad
1762 2172 1949 2224 visum
1962 2172 2159 2224 versus
2174 2171 2459 2224 Occasum

166 2264 210 2299 25
259 2247 569 2299 extendere
596 2247 907 2298 acutissime
935 2246 1154 2310 diuque
1178 2245 1540 2297 intuentibus
1560 2250 1879 2309 putaretur.
1907 2244 2119 2307 Neque
2141 2246 2459 2307 quicquam

259 2317 608 2370 eiuscemodi
625 2320 689 2369 in
709 2333 781 2370 ea
800 2317 949 2370 alias
963 2333 1066 2382 per
1079 2323 1264 2369 totam
1278 2317 1651 2368 durationem
1666 2318 1930 2367 contueri
1943 2314 2119 2366 licuit.
2142 2314 2458 2366 Successiue

258 2396 457 2441 autem
481 2388 958 2448 imminuebatur,
985 2391 1067 2441 ita
1091 2395 1152 2440 vt
1178 2390 1331 2440 circa
1356 2388 1389 2439 4
1416 2387 1776 2439 Nouembris
1803 2385 2239 2450 aliquantulum
2263 2388 2459 2437 minor

256 2458 532 2526 praedidto
558 2460 839 2513 nebuloso
866 2476 1007 2526 gyro
1035 2468 1091 2515 ᾧ
1116 2459 1306 2519 fuerit,
1334 2462 1428 2511 cui
1455 2457 1650 2511 adhuc
1676 2458 1872 2510 colore
1900 2458 1952 2509 &
1977 2457 2169 2508 forma
2194 2459 2458 2522 apprime

258 2532 631 2598 congruebat:
660 2532 893 2584 Deinde
918 2531 1207 2596 paulatim
1233 2530 1428 2583 adhuc
1454 2532 1650 2582 minor
1676 2528 1842 2589 facta,
1871 2531 2023 2581 circa
2048 2528 2312 2580 medium
2338 2528 2460 2579 No-

166 2620 209 2655 30
257 2603 513 2655 uembris
532 2603 765 2668 prorsus
786 2603 1079 2668 disparuit.

326 2675 522 2727 Prima
535 2673 722 2727 Nocte
744 2690 864 2739 qua
884 2690 1018 2727 eam
1039 2674 1502 2734 obseruauimUS,
1524 2688 1560 2725 a
1580 2673 1851 2732 Saturn0‚
1874 2675 1975 2735 qui
1988 2678 2127 2723 tunc
2141 2673 2305 2722 iuxta
2319 2669 2458 2722 Stel-

256 2745 408 2798 lulas
427 2749 490 2798 in
510 2746 660 2798 Lino
690 2749 742 2807 )(
770 2745 1184 2805 retrocedebat,
1206 2761 1330 2797 non
1350 2745 1524 2810 longe
1545 2744 1977 2803 remouebatur,
1999 2758 2176 2806 quem
2196 2744 2317 2793 iam
2338 2748 2460 2793 erat

257 2817 561 2882 aliquanto
591 2818 724 2883 plus
753 2820 950 2882 quinis
978 2817 1253 2883 gradibus
1279 2816 1476 2868 versus
1505 2815 1717 2868 Ortum
1742 2815 2143 2879 praetergressa.
2170 2812 2459 2864 Tranfiuit

257 2889 466 2941 deinde
486 2896 670 2941 totam
683 2890 899 2941 Arietis
921 2889 1434 2948 constellationem,
1449 2887 1748 2951 Taurique
1764 2885 1998 2937 dorsum
2011 2885 2206 2936 versus
2222 2884 2458 2948 Septen-

164 2976 209 3012 35
255 2962 506 3012 trionem
534 2960 846 3025 superauit,
872 2961 971 3013 vbi
1000 2976 1125 3012 non
1153 2960 1326 3024 longe
1354 2975 1390 3010 a
1415 2959 1747 3010 Pleiadibus
1775 2957 1946 3021 (quas
1971 2955 2104 3007 licet
2128 2955 2459 3007 Latitudine

257 3031 448 3084 Borea
468 3032 785 3093 excederet,
807 3032 1198 3097 Longitudine
1218 3038 1420 3083 tamen
1439 3046 1562 3082 non
1584 3029 1658 3080 est
1678 3027 1995 3092 assequuta)
2017 3027 2267 3090 conspici
2285 3025 2458 3090 defijt.

257 3102 410 3166 Quae
423 3119 565 3155 vero
585 3106 649 3155 in
667 3103 847 3155 huius
866 3105 1191 3168 peregrinae
1207 3101 1403 3154 Stellae
1417 3101 1523 3153 situ
1538 3100 1590 3152 &
1603 3102 1992 3165 promotione,
2014 3097 2248 3163 singulis
2262 3095 2458 3149 Nocti-

255 3172 380 3236 bus,
402 3175 614 3239 quibus
633 3190 737 3240 per
756 3174 1075 3226 serenitatis
1097 3176 1595 3239 opportunitatem
1616 3169 1974 3236 aspectabilis
1993 3177 2130 3229 erat,
2151 3175 2273 3220 toto
2289 3168 2459 3220 dura-

255 3247 431 3297 tionis
450 3252 713 3310 tempore
734 3245 1132 3310 depraehendi,
1155 3248 1296 3309 quia
1316 3247 1493 3296 nimis
1512 3243 1756 3308 longum
1775 3242 1923 3293 foret
1937 3243 2140 3292 omnia
2153 3240 2250 3291 hic
2264 3254 2459 3291 recen-

165 3332 210 3366 40
256 3315 393 3376 sere,
409 3332 441 3368 e
455 3317 891 3382 multiplicibus,
914 3333 1062 3382 quas
1077 3316 1262 3369 habui
1277 3314 1814 3373 ObseruationibuS,
1836 3314 2164 3378 praecipuas
2180 3310 2460 3375 quasdam

164 3394 216 3438 14
258 3387 333 3440 ad
353 3395 538 3441 certas
558 3389 760 3441 Horas
780 3388 967 3454 selegi,
996 3404 1144 3453 quas
1165 3390 1227 3439 in
1247 3385 1498 3440 subiecta
1517 3381 1825 3453 Ta-ssbella,
1852 3391 1912 3435 vt
1931 3399 2050 3434 vno
2071 3384 2285 3434 intuitu
2305 3396 2458 3503 egm-

398 3471 420 3505 6
2226 3467 2325 3503 mo
2368 3466 2459 3502 1us
