2748 4204
394 344 461 395 72
591 295 594 296 ⁷
741 339 1340 393 EPISTOLARUM
1366 336 2195 390 ASTRONOMICARUM

393 497 578 533 annos
605 480 907 531 artificium
934 477 1438 543 Typographicum
1465 478 1863 539 excogitatum,
1885 475 1936 526 8(
1954 478 2113 538 prius
2138 482 2298 527 tanto
2323 483 2539 540 tempo-

392 566 521 601 rum
533 549 838 600 interuallo
850 552 1013 599 toties
1024 546 1379 598 rescribendo
1390 546 1574 596 multa
1583 544 1869 604 mendose,
1878 544 2190 607 praesertim
2199 547 2261 595 in
2272 561 2539 597 numero-

392 635 522 670 rum
543 617 982 670 Charac'teribus
1009 618 1265 679 assignari
1290 621 1568 678 poterant,
1596 629 1729 664 cum
1755 616 1928 664 etiam
1947 616 2009 664 in
2027 613 2138 665 hac
2156 614 2275 678 ipsa
2295 622 2414 666 arte
2436 618 2539 666 im-

391 690 667 752 pressoria,
690 687 791 737 nifi
812 687 1051 750 diligens
1071 685 1411 736 adhibeatur
1432 682 1769 742 correctura,
1795 682 1994 742 facilis,
2020 683 2332 746 praesertim
2349 687 2412 735 in
2430 683 2540 736 hac

390 759 646 816 materia,
679 756 867 819 lapsus
899 755 1244 806 admittatur.
1283 753 1518 804 Accedit
1551 753 1601 804 8(
1632 752 1760 811 hoc,
1799 753 1955 815 quod
1987 755 2151 803 certis
2182 753 2540 805 documentis
2589 772 2610 806 ⁵

390 830 450 877 in
470 826 909 889 quamplurimis
935 824 1123 875 affixis
1144 827 1294 874 circa
1312 823 1632 873 Zodiacum
1656 821 1967 885 praesertim
1988 822 2294 883 SideribuS,
2321 823 2540 875 caelitus

391 896 791 958 comprobetur
810 910 911 957 per
928 909 1074 952 eam,
1096 909 1228 956 quae
1243 909 1279 943 a
1292 891 1669 950 Timocharis,
1691 891 2016 954 Hipparchi
2029 891 2081 942 8(
2093 892 2389 943 Ptolemaei
2401 900 2540 944 tem-

388 965 638 1028 poribus,
660 964 952 1026 hucusque
972 962 1119 1014 facta
1140 962 1212 1012 est
1231 962 1622 1012 inclinationis
1642 961 1930 1024 Eclipticae
1951 962 2025 1012 ad
2038 961 2418 1025 AEquatorem
2437 965 2539 1014 im·

389 1037 784 1091 mutationem,
814 1033 1169 1083 Latitudines
1198 1034 1461 1084 omnium
1488 1026 1508 1097 ΙΙ
1534 1029 1845 1081 affixarum
1873 1031 2196 1091 Stellarum,
2225 1047 2330 1094 pro
2357 1046 2427 1083 ea
2451 1048 2538 1084 ra·
2581 1041 2639 1084 44

387 1107 558 1163 tione,
588 1119 704 1166 qua
723 1103 981 1165 Tropicis
1006 1102 1146 1152 locis
1172 1101 1404 1152 illarum
1429 1100 1816 1164 longitudines
1840 1103 2023 1164 magis
2048 1100 2312 1152 minusue
2334 1116 2538 1165 appro-
2592 1119 2633 1153 ιο

388 1176 684 1236 pinquant‚
706 1188 822 1222 vna
837 1175 1009 1222 etiam
1021 1171 1314 1222 successiue
1329 1173 1580 1221 variatas
1595 1170 1712 1220 esse.
1736 1169 1910 1231 Quod
1922 1169 2057 1221 sane
2070 1173 2284 1221 mirum
2298 1171 2538 1231 videtur,

389 1258 519 1293 cum
540 1242 683 1293 alias
704 1240 926 1292 octauae
947 1241 1204 1303 Sphaerae
1226 1247 1451 1290 motum
1474 1242 1623 1290 circa
1642 1239 1812 1290 Polos
1833 1239 2123 1303 Eclipticae
2149 1239 2291 1300 fieri,
2318 1241 2391 1292 ob
2416 1240 2538 1292 lati-

387 1312 613 1363 tudines
628 1311 949 1370 Stellarum,
964 1326 1085 1361 non
1100 1310 1278 1368 aliter,
1295 1324 1473 1373 quam
1485 1309 1776 1360 minutula
1788 1309 1898 1360 hac
1913 1309 2263 1373 obliquitatis
2277 1309 2539 1374 Signiferi

387 1381 721 1439 diuerlitate,
742 1383 1077 1431 imminutas
1097 1387 1250 1431 certo
1271 1379 1494 1430 constet.
1516 1378 1673 1441 Quia
1691 1393 1831 1429 vero
1850 1378 2106 1443 intelligo
2121 1394 2192 1430 ex
2204 1378 2380 1431 literis
2393 1379 2538 1431 Tuae
2586 1385 2614 1427 ·1·

388 1450 651 1502 Celfitud.
686 1449 1087 1501 Mathematici
1116 1449 1486 1508 Rothmanni‚
1520 1463 1656 1499 eum
1684 1451 1745 1499 in
1775 1449 1980 1500 eadem
2007 1464 2237 1500 mecum
2264 1449 2540 1501 sententia
2592 1467 2633 1501 1⁵

385 1520 494 1571 hac
520 1523 581 1570 in
606 1526 766 1583 parte
792 1519 1017 1578 versari,
1047 1519 1218 1570 latius
1245 1519 1318 1570 ad
1343 1518 1509 1569 illum
1535 1518 1606 1569 de
1631 1518 1743 1569 hoc
1769 1521 1999 1582 negotio
2027 1518 2330 1582 perscripfi,
2360 1519 2411 1570 8(
2439 1534 2541 1583 per

384 1590 765 1653 plurimarum
790 1589 1096 1640 Stellarum
1123 1591 1390 1639 certiores
1412 1587 1873 1647 ObseruationeS,
1901 1591 2135 1639 remotis
2159 1589 2540 1640 intercidenti-

384 1660 490 1710 bus
511 1659 714 1723 dubiJs,
740 1661 802 1709 in
822 1665 1098 1722 concepta
1118 1661 1394 1721 opinione
1415 1657 1776 1709 confirmaui.
1804 1658 1961 1709 Hinc
1980 1657 2111 1710 Tua
2131 1658 2420 1710 Celfitudo
2440 1658 2540 1710 ali-

384 1728 617 1792 qualem
630 1731 691 1778 in
704 1728 1100 1779 latitudinibus
1114 1728 1482 1791 quarundam
1496 1727 1820 1788 Stellarum,
1832 1730 2171 1779 variationis
2185 1727 2542 1779 occafionem

383 1797 670 1862 intelliget.
701 1798 759 1849 Si
785 1813 923 1848 vero
953 1813 1085 1861 quae
1114 1801 1302 1849 maior
1331 1798 1614 1857 coincidit,
1644 1797 1796 1849 hanc
1824 1798 1917 1848 vel
1946 1813 2017 1848 ex
2042 1798 2319 1849 Veterum
2346 1800 2541 1849 minus
2589 1815 2635 1849 20

384 1875 536 1919 certa
557 1870 948 1927 annotatione,
970 1868 1062 1919 vel
1075 1867 1571 1931 Transcriptorum
1590 1867 1767 1931 lapsu,
1788 1874 1847 1918 vt
1865 1869 2025 1931 prius
2039 1868 2173 1927 dixi,
2194 1870 2430 1919 euenire
2443 1883 2540 1919 ne-

384 1939 675 1989 cessarium
704 1938 792 1988 est.
825 1938 1118 1989 Caeterum
1146 1944 1205 1988 vt
1229 1937 1358 1989 Tua
1389 1937 1678 1989 Celfitudo
1706 1935 2050 2001 perspectius
2079 1937 2393 2002 cognoscat,
2423 1953 2541 2002 quo

383 2007 486 2058 fitu
506 2007 813 2058 Stellarum
833 2007 1083 2058 fixarum
1101 2008 1231 2059 loca
1250 2023 1286 2059 a
1305 2023 1415 2067 me,
1436 2006 1756 2071 supradicta
1774 2010 1998 2058 ratione
2018 2008 2290 2071 indagata
2307 2007 2427 2067 fint,
2447 2007 2541 2058 de-

383 2077 566 2140 scripfi
591 2078 959 2140 quarundam
984 2080 1428 2141 praecipuarum,
1455 2077 1767 2141 praesertim
1792 2080 1954 2129 iuxta
1973 2077 2309 2137 Zodiacum,
2337 2077 2541 2141 Longi-

381 2148 608 2197 tudines
630 2147 679 2197 8(
698 2147 1045 2206 latitudineS,
1067 2163 1212 2211 quas
1233 2148 1307 2199 ad
1326 2150 1676 2211 principium
1695 2146 1871 2198 huius
1890 2146 2134 2198 labentis
2154 2147 2314 2198 Anni
2333 2147 2540 2211 redegi,
2590 2164 2635 2198 25

381 2224 551 2279 prout
570 2216 665 2267 hae
686 2217 885 2268 nostris
907 2216 1288 2269 exactioribus
1309 2216 1823 2269 Obseruationibus
1844 2216 2214 2280 deprehensae
2233 2216 2376 2277 sunt,
2398 2222 2457 2268 vt
2475 2216 2541 2268 T.

383 2286 526 2338 Cels.
555 2302 625 2338 ea
652 2286 781 2337 loca
810 2302 942 2337 cum
970 2287 1083 2338 suis
1113 2287 1434 2351 expeditius
1462 2286 1722 2339 conferre
1747 2287 1919 2350 possit.
1949 2286 2210 2338 Plurium
2235 2286 2543 2338 Stellarum

382 2356 810 2420 assignationem
835 2357 1045 2408 addere
1072 2372 1194 2408 non
1220 2358 1360 2408 duxi
1380 2372 1574 2421 operae
1600 2359 1875 2421 precium,
1903 2372 2036 2408 cum
2054 2357 2149 2408 vel
2168 2372 2239 2408 ex
2258 2358 2542 2421 pauciori-

384 2425 507 2485 buS‚
529 2429 647 2477 imo
669 2442 739 2477 ex
753 2429 923 2478 vnica
936 2425 1083 2478 recte
1099 2427 1412 2487 constituta,
1435 2434 1658 2478 caeterae
1673 2441 1876 2478 omnes
1891 2429 1984 2478 cui
1998 2426 2377 2478 Instrumenta
2390 2441 2542 2478 com-

383 2496 559 2546 moda
585 2496 635 2547 8(
662 2503 815 2547 certa
840 2497 914 2547 ad
939 2512 1151 2548 manus
1178 2497 1320 2556 sunt,
1350 2497 1517 2548 facile
1542 2496 1913 2548 innotescant.
1944 2496 2324 2548 Interuallum
2348 2502 2544 2548 autem
2591 2512 2637 2547 30

384 2573 574 2616 motus
601 2566 672 2617 ab
693 2568 870 2617 Anno
890 2567 973 2618 82.
996 2582 1112 2630 quo
1139 2568 1441 2630 aptissimas
1466 2570 1529 2618 in
1553 2567 1661 2626 his,
1687 2573 1746 2618 vt
1770 2566 1941 2630 supra
1964 2566 2236 2626 indicaui,
2264 2565 2543 2618 Obserua-

383 2638 568 2686 tiones
606 2634 806 2687 nactus
845 2636 984 2696 sum,
1023 2652 1145 2688 non
1178 2653 1249 2688 ex
1281 2637 1657 2701 Coperniana
1686 2634 2193 2700 AEquinoc’tiorum
2223 2638 2543 2687 mutatione

386 2705 585 2768 (quam
613 2709 661 2756 is
689 2721 718 2757 e
746 2706 915 2769 Spica
941 2715 1005 2771 m>
1034 2706 1351 2767 obseruata,
1380 2710 1441 2758 in
1470 2709 1720 2771 primam
1748 2706 1985 2758 Stellam
2014 2713 2094 2766 V,
2124 2712 2345 2757 retento
2374 2708 2543 2757 inter-

384 2775 542 2826 uallo
569 2775 941 2839 longitudinis
967 2777 1335 2837 Ptolemaic0,
1362 2776 1414 2828 8(
1441 2777 1605 2829 Caelo
1631 2775 1970 2835 inconsult0,
2003 2775 2312 2838 deriuauit)
2338 2790 2445 2827 nec
2470 2774 2543 2826 ab

384 2844 744 2908 Alphonfina
775 2849 1179 2898 numeratione
1210 2853 1508 2898 mutuatus
1539 2846 1679 2906 sum,
1711 2845 1805 2897 sed
1837 2862 1909 2897 ex
1939 2845 2058 2910 ipsa
2089 2845 2399 2910 Copernici
2428 2844 2542 2897 Ob·
2592 2860 2637 2895 35

383 2913 705 2966 seruatione
726 2918 787 2966 in
807 2914 955 2967 dicta
974 2916 1125 2979 spica
1139 2924 1203 2981 τη)
1219 2918 1397 2967 Α11110
1412 2917 1553 2969 1525.
1574 2916 1787 2975 habita,
1809 2916 1860 2967 8(
1880 2931 2015 2967 cum
2033 2915 2222 2967 nostra
2240 2917 2543 2966 recentiori

385 2984 608 3044 collata,
629 2987 935 3048 negocium
949 2985 1059 3037 hoc
1075 2986 1309 3037 absolui.
1333 2986 1487 3038 Cum
1502 2989 1658 3037 enim
1674 2986 2034 3049 Copernicus
2048 2986 2258 3044 asserat,
2280 3000 2350 3036 eo
2363 2984 2542 3036 Anno
2591 2987 2619 3031 i·

383 3052 536 3104 fuisse
563 3054 747 3117 Spicae
767 3055 1148 3106 Altitudinem
1170 3056 1565 3107 Meridianam
1590 3056 1744 3120 grad.
1766 3056 1849 3107 27.
1871 3055 1955 3106 M.
1977 3055 2025 3107 Ο.
2054 3054 2105 3106 8(
2130 3054 2304 3106 Polus
2329 3054 2542 3106 Fruen-

383 3123 546 3187 burgi
566 3123 824 3174 eleuetur
843 3131 983 3187 part.
1000 3126 1083 3176 54.
1099 3126 1183 3176 M.
1198 3126 1311 3179 221.
1326 3126 1484 3177 velut
1502 3128 1737 3190 proprio
1758 3124 2150 3189 exquifitoque
2164 3124 2542 3176 Instrumento

384 3199 518 3243 ante
537 3192 881 3244 Triennium
905 3195 1227 3257 periculum
1252 3195 1377 3246 fieri
1403 3210 1505 3259 per
1525 3194 1852 3247 Studiorum
1876 3195 2170 3258 quendam
2191 3209 2261 3245 eo
2281 3209 2415 3245 cum
2435 3193 2540 3245 Or·
2590 3209 2636 3243 40

382 3276 533 3326 gano
554 3278 590 3314 a
608 3278 703 3314 me
723 3264 943 3314 missum
964 3267 1181 3324 curaui,
1208 3264 1313 3315 fuit
1336 3265 1644 3316 declinatio
1665 3265 1850 3329 Spicae
1869 3271 2006 3316 tunc
2025 3271 2167 3328 part.
2188 3264 2236 3316 8.
2258 3263 2407 3315 Min.
2427 3263 2540 3316 37÷.

383 3331 631 3395 ideoque
647 3333 882 3384 assumta
896 3336 1020 3384 eius
1033 3333 1350 3393 latitudine,
1365 3335 1519 3398 grad.
1536 3335 1572 3386 l.
1587 3337 1726 3386 min.
1742 3334 1854 3388 59⁴5.
1871 3334 2106 3398 qualem
2118 3349 2228 3385 nos
2241 3333 2541 3385 adinueni-

456 3436 459 3439 -
2409 3416 2540 3453 mus
