2748 4204
380 322 446 371 38
581 353 584 355 Δ
727 319 1330 371 EPISTOLARUM
1357 318 2188 372 ASTRONOMICARUM

380 475 511 522 quae
526 474 771 510 numero
785 458 1042 513 sedecim,
1057 456 1345 509 structurae
1358 458 1778 522 Magnitudine,
1794 458 2020 509 Formae
2034 460 2323 517 varietate,
2339 458 2390 509 δι
2403 458 2532 510 vsus

379 528 707 591 multiplicis
733 527 1066 590 aptitudine,
1094 526 1289 579 exacte
1315 527 1625 586 elaborata,
1655 527 1917 590 praeelari
1942 527 2221 579 Thesauri
2245 527 2375 579 loco
2404 527 2532 590 (nec

380 601 535 648 enim
561 597 834 647 mediocri
860 597 1168 660 diligentia,
1194 596 1391 648 labore
1418 597 1469 647 81
1493 597 1681 647 sumtu
1706 603 1909 660 parata
1929 596 2078 659 sunt)
2098 597 2366 660 possideo;
2392 612 2532 661 quo-

379 682 509 718 rum
533 666 807 729 pleraque
829 682 859 716 e
879 665 1057 717 solido
1078 666 1322 717 Metallo
1349 666 1604 726 existunt,
1633 666 1903 729 quaedam
1922 681 2078 724 vero,
2104 666 2233 717 licet
2253 681 2284 717 e
2305 673 2457 718 certa
2482 666 2533 717 ἃ

379 736 624 787 durabili
643 736 834 799 lignea
852 738 1109 794 materia,
1134 743 1191 786 vt
1210 742 1341 799 pote
1362 736 1584 795 leuiori,
1612 750 1718 786 nec
1738 738 1920 786 nimio
1939 735 2194 800 pondere
2215 736 2288 787 ob
2309 739 2532 799 quanti·
2582 755 2603 787 5

377 809 507 856 tatis
525 805 740 856 molem
759 804 814 856 se
834 805 952 869 ipsa
970 807 1161 868 inepte
1182 811 1548 869 aggrauante,
1574 805 1851 868 peculiari
1872 806 2127 868 quadam
2146 807 2369 856 ratione
2388 805 2534 856 mul-

378 875 638 938 tipliciter
664 881 1106 938 componuntur,
1133 877 1212 926 ita
1231 881 1289 925 vt
1309 890 1382 925 ne
1402 889 1503 938 per
1522 874 1576 926 se
1597 874 1831 938 quidem
1850 877 2158 937 mutationi
2177 874 2342 926 facile
2368 874 2533 939 subij-

378 947 622 996 ciantur:
652 944 1033 995 nihilominus
1060 951 1257 995 tamen
1283 947 1532 995 exterius
1562 943 1935 996 Orichalcicis
1963 944 2211 1004 laminiS,
2243 947 2453 1008 partim
2476 951 2535 996 vt

378 1014 670 1065 diuifionis
695 1013 982 1065 subtilitati
1008 1014 1386 1064 accommoda
1411 1014 1679 1072 euadant,
1706 1017 1915 1077 partim
1940 1020 1998 1065 vt
2024 1029 2095 1066 eo
2120 1013 2344 1065 firmius
2369 1013 2534 1078 perfi-

378 1084 534 1143 stant,
562 1082 778 1135 affabre
804 1086 1161 1134 muniuntur.
1190 1083 1658 1147 Magnitudinem
1677 1098 1815 1134 vero
1836 1082 2174 1136 distinctioni
2192 1083 2535 1147 scrupulosae
2588 1100 2628 1134 10

378 1151 750 1204 sufficientem
774 1153 1005 1212 habent,
1032 1153 1179 1204 adeo
1199 1159 1257 1203 vt
1278 1152 1564 1203 nonnulla
1582 1152 1747 1204 senos
1775 1152 1825 1203 &
1851 1156 2077 1216 quinOS,
2105 1153 2377 1217 quaedam
2396 1168 2535 1217 qua-

378 1230 570 1274 ternos
597 1222 647 1273 &
673 1230 866 1274 ternos
893 1223 1112 1273 cubitos
1132 1223 1457 1285 adaequent.
1485 1222 1712 1284 Quibus
1731 1222 2085 1286 vsurpandis,
2111 1230 2236 1274 tum
2256 1225 2431 1275 etiam
2449 1224 2535 1287 ijs,

379 1308 511 1356 quae
526 1308 597 1343 ex
612 1291 1122 1344 Obseruationibus
1137 1291 1508 1343 demonstrari
1528 1293 1761 1355 possunt,
1783 1307 1814 1343 e
1834 1291 2162 1357 Triangulis
2181 1295 2243 1343 in
2262 1307 2538 1344 numeros

378 1362 732 1421 reducendiS,
762 1361 1139 1425 vtplurimum
1167 1360 1420 1420 octonOS,
1450 1361 1741 1413 interdum
1769 1364 1944 1413 etiam
1971 1361 2165 1426 plures
2193 1363 2321 1414 Arti
2350 1362 2536 1414 Astro-

378 1434 624 1483 nomicae
657 1446 895 1495 operam
927 1438 1211 1482 nauantes
1241 1430 1548 1490 StudiosOS,
1581 1430 1675 1482 hic
1706 1446 1936 1483 mecum
1965 1432 2060 1483 alo
2090 1431 2141 1483 81
2168 1431 2399 1492 instruo,
2431 1447 2538 1483 nec
2590 1448 2630 1483 15

378 1502 548 1552 vllius
577 1501 906 1552 Serenitatis
936 1501 1403 1552 commoditatem
1434 1500 1550 1552 fiue
1579 1500 1888 1561 Diurnam,
1920 1501 2036 1553 siue
2066 1500 2445 1570 Noelurnam,
2477 1504 2538 1553 in

379 1571 542 1631 Solis,
572 1571 772 1630 Lunae,
802 1570 1275 1634 reliquorumque
1305 1572 1406 1633 qui
1435 1570 1680 1634 conspici
1710 1577 1930 1634 queunt
1958 1571 2329 1623 Planetarum
2359 1570 2410 1622 &
2438 1570 2538 1622 Af-

377 1641 627 1692 fixarum
654 1642 828 1692 etiam
854 1640 1161 1692 Stellarum
1184 1639 1593 1692 Phaenomenis
1620 1640 1840 1692 caelitus
1866 1641 2242 1705 inquirendiS,
2268 1641 2540 1693 incassum

378 1711 534 1762 abire
565 1712 961 1774 permittimus.
996 1710 1087 1761 De
1119 1709 1631 1761 Instrumentorum
1662 1726 1802 1762 vero
1833 1709 2186 1775 singulorum
2217 1711 2457 1763 Fabrica
2488 1710 2539 1762 ἃ

378 1781 508 1840 Vsu,
539 1783 676 1844 quia
703 1780 1056 1844 peculiarem
1082 1780 1319 1832 Librum
1346 1780 1696 1832 conscribere
1726 1780 1972 1841 decreui,
2003 1783 2104 1846 qui
2128 1780 2541 1833 Mechanicam
2588 1797 2633 1832 20

378 1845 806 1918 Astrono-ssmiae
819 1856 1042 1914 partem
1057 1847 1462 1914 complec'tetur
1477 1850 1617 1914 (quo
1629 1852 1803 1902 etiam
1813 1853 2051 1903 nomine
2062 1866 2219 1903 nunc
2229 1850 2330 1904 illa
2341 1852 2540 1903 omnia
2586 1859 2639 1901 ιο

379 1921 673 1980 delineari,
704 1920 755 1971 &
783 1920 997 1985 figuras
1026 1934 1229 1971 eorum
1251 1919 1454 1971 AEneis
1480 1926 1579 1972 aut
1606 1921 1820 1972 Buxeis
1848 1920 2082 1973 laminis
2109 1920 2349 1985 insculpi
2378 1919 2538 1983 curo)

379 1991 594 2042 Idcirco
613 1990 872 2054 longiore
892 1990 963 2041 de
982 1989 1074 2041 his
1094 1992 1646 2042 commemoratione
1665 1990 2016 2054 supersedeo,
2037 1990 2148 2042 Vbi
2168 1997 2364 2043 autem
2383 1990 2540 2043 labo-

378 2076 501 2112 rem
531 2059 688 2111 hunc
727 2059 911 2123 (DEO
944 2059 1244 2111 successum
1275 2059 1573 2124 largiente)
1613 2059 1932 2121 absoluero,
1963 2061 2058 2112 vel
2087 2061 2285 2113 saltem
2317 2060 2541 2125 Figurae

379 2146 581 2182 omnes
610 2130 811 2181 excisae
839 2130 1065 2190 fuerint,
1092 2129 1237 2182 Tuae
1265 2129 1409 2182 Cels.
1439 2130 1497 2182 id
1527 2131 1800 2194 quicquid
1830 2133 1933 2182 erit
1961 2130 2419 2195 perspiciendum
2447 2145 2540 2182 ex·
2591 2147 2636 2181 25

377 2200 865 2265 pendendumque
890 2199 1282 2251 transmittam.
1303 2199 1455 2251 Tum
1482 2202 1639 2252 enim
1663 2199 1848 2252 Celfit.
1869 2199 1933 2252 T.
1961 2200 2081 2252 [010
2107 2203 2318 2252 intuitu
2343 2203 2544 2252 omnia

378 2270 602 2322 facilius
631 2269 941 2335 cognoscet,
973 2285 1151 2334 quam
1180 2285 1250 2321 ex
1279 2270 1453 2335 longa
1479 2269 1531 2321 &
1555 2269 1791 2322 taediosa
1819 2270 1889 2322 de
1918 2269 2008 2322 his
2038 2270 2335 2322 relatione.
2369 2270 2544 2333 Quod

378 2356 517 2392 vero
549 2339 676 2391 haec
707 2340 826 2404 ipsa
855 2340 1248 2400 Instrumenta,
1282 2340 1491 2403 quibus
1521 2343 1583 2391 in
1611 2339 1903 2392 Sideribus
1933 2340 2305 2393 obseruandis
2336 2340 2544 2392 assidue

379 2418 520 2470 vtor,
547 2410 866 2461 admodum
893 2407 1093 2461 exacta
1116 2409 1234 2469 fint,
1263 2409 1314 2460 &
1339 2425 1413 2461 ne
1435 2409 1669 2473 quidem
1689 2413 1936 2461 tenuiter
1954 2410 2270 2462 senfibilem
2290 2425 2544 2462 errorem

380 2481 697 2539 admittant,
724 2480 816 2531 vel
843 2495 914 2531 ex
939 2479 1050 2531 hoc
1076 2479 1195 2531 [010
1223 2479 1646 2544 comprobatur,
1677 2480 1834 2544 quod
1863 2479 2116 2532 eiusdem
2142 2479 2355 2532 Sideris
2382 2480 2545 2532 locus
2593 2495 2639 2530 30

379 2566 480 2614 per
498 2550 668 2613 plura
683 2549 733 2601 81
747 2549 1127 2601 diuerfimode
1147 2549 1424 2602 fabricata
1440 2550 1676 2614 Organa
1694 2552 1859 2602 varia
1878 2552 2102 2602 ratione
2122 2549 2543 2615 depraehensus,

379 2623 439 2672 in
458 2621 612 2671 idem
632 2620 860 2684 prorsus
879 2619 1211 2683 scrupulum
1225 2619 1421 2672 sedulo
1436 2620 1860 2672 attendentibus
1874 2620 2103 2673 recidat.
2118 2620 2192 2672 Vt
2205 2626 2402 2672 autem
2415 2619 2544 2672 Cel-

378 2690 559 2742 fitudo
588 2689 717 2741 Tua
747 2690 1033 2754 specimen
1065 2690 1302 2754 aliquod
1335 2705 1556 2750 eorum,
1590 2705 1723 2754 quae
1756 2705 1827 2742 ex
1858 2693 2003 2742 meis
2034 2690 2546 2743 Obseruationibus

379 2758 658 2812 hac'tenus
685 2767 850 2823 parta
877 2759 1020 2819 sunt,
1050 2759 1277 2820 habeat,
1307 2760 1549 2812 adiunxi
1577 2775 1695 2812 vna
1720 2759 1936 2812 Solaris
1962 2759 2156 2812 cursus
2183 2759 2360 2812 huius
2385 2760 2546 2811 Anni
2594 2763 2622 2805 i·

380 2846 451 2881 ex
469 2833 704 2894 propria
723 2830 1070 2881 restitutione
1091 2830 1416 2882 deriuatam
1430 2830 1892 2894 Ephemeridem,
1915 2844 2162 2895 eamque
2183 2830 2257 2882 ad
2276 2830 2546 2894 Longitu-
2595 2846 2640 2881 35

380 2900 576 2951 dinem
595 2900 664 2951 30
682 2907 823 2963 part.
846 2902 940 2951 cui
954 2899 1320 2951 Celfitudinis
1333 2899 1478 2952 Tuae
1499 2900 1638 2952 ditio
1653 2900 1939 2952 HASSIA
1959 2902 2236 2965 congruit,
2258 2897 2546 2951 direc'tam.

380 2969 664 3033 Scrupula
683 2970 965 3029 Secunda,
990 2976 1160 3034 prout
1179 2969 1422 3022 Tabulae
1443 2970 1647 3022 nostrae
1667 2972 1729 3021 in
1748 2976 1912 3021 motu
1931 2969 2097 3031 Solis,
2120 2969 2546 3022 Obseruationi-

380 3040 487 3091 bus
508 3042 673 3090 certis
695 3039 1060 3091 Geometrice
1081 3039 1338 3091 fundatae
1360 3039 1648 3100 exhibent,
1669 3043 1969 3100 annotaui,
1989 3055 2111 3092 non
2131 3039 2288 3104 quod
2308 3039 2408 3091 issa
2425 3038 2548 3091 sub-

381 3109 553 3161 tilitas
573 3109 634 3160 fit
647 3109 766 3160 vllo
781 3109 1159 3161 Instrumento
1179 3112 1241 3161 in
1260 3109 1380 3173 ipso
1396 3109 1568 3162 Coelo
1583 3109 2126 3173 comprehensibilis,
2146 3116 2205 3162 vt
2218 3109 2349 3161 Tua
2363 3108 2547 3162 Cellit.

383 3182 597 3243 optime
617 3182 798 3238 nouit,
826 3178 919 3231 sed
940 3195 1013 3230 ne
1034 3177 1302 3243 neglectis
1322 3179 1583 3231 secundis
1604 3180 1674 3231 de
1693 3179 1971 3243 scrupulis
1991 3182 2191 3243 primis
2211 3179 2410 3243 aliqua
2429 3193 2548 3231 am·
2598 3194 2644 3229 ιο

381 3249 626 3313 biguitas
655 3252 914 3300 oriretur.
946 3249 1082 3300 Peto
1111 3252 1305 3312 itaque
1332 3260 1368 3301 a
1393 3249 1522 3301 Tua
1550 3249 1899 3301 Celfitudine
1926 3250 2154 3308 obnixe,
2183 3257 2242 3301 vt
2269 3249 2423 3301 hanc
2448 3262 2550 3300 no·

382 3318 551 3370 stram
581 3321 643 3370 in
675 3318 869 3370 cursus
902 3319 1117 3370 Solaris
1149 3322 1553 3371 numeratione
1585 3319 2058 3371 instaurationem
2088 3334 2190 3383 per
2220 3318 2322 3371 sua
2347 3317 2549 3369 Instru-

382 3396 579 3440 menta
599 3391 861 3453 experiri,
882 3388 1143 3453 mihique
1164 3388 1234 3441 de
1255 3388 1366 3440 hac
1379 3388 1541 3441 suam
1555 3389 1912 3441 Sententiam
1926 3389 2237 3441 clementer
2249 3387 2551 3454 significari

2349 3471 2551 3510 curare
