2730 4212
122 1093 164 1127 10

123 1449 164 1483 15

96 2083 177 2126 251

120 2163 166 2197 25

121 2519 167 2553 30

124 2863 170 2898 35

122 3230 169 3265 40

1012 295 1259 348 LIBER
1286 295 1610 349 PRIMUS
2324 295 2416 348 281

212 438 458 490 ferentia
482 436 661 488 huius
687 436 1049 499 Quadrantis
1075 438 1139 487 in
1164 436 1390 488 lamina
1417 436 1787 489 Orichalcica
1813 437 1963 489 adeo
1990 437 2268 489 subtiliter
2292 437 2418 489 sub-

212 508 412 567 diuisa,
433 515 493 559 vt
512 507 872 572 singulorum
893 507 1210 559 Graduum
1229 507 1454 572 lingula
1473 508 1762 573 sexagena
1782 509 2037 569 Minuta,
2059 508 2254 561 adhuc
2275 524 2417 573 qua-

212 578 514 631 drifariam
547 578 973 639 distribuantur,
1006 580 1129 630 tota
1159 577 1263 629 ina
1294 578 1578 630 diuisione
1611 595 1715 643 per
1746 578 1964 643 puncta
1994 579 2418 640 transuersalia,

211 665 376 702 more
403 649 573 702 nobis
598 649 818 710 vfita10‚
848 649 1267 710 administratam
1298 649 1489 713 ficque
1520 650 1698 701 huius
1726 650 2088 712 Quadrantis
2112 650 2418 710 benefici0,

212 721 567 772 Altitudines
588 720 907 772 coelestium
928 736 1261 784 corporum,
1290 723 1443 772 intra
1470 727 1740 784 quartam
1763 722 1984 773 Minuti
2010 729 2236 786 partem
2261 723 2418 774 coeli-

210 799 304 844 tus
318 792 570 844 dimetiri
585 792 772 852 datur,
795 791 847 843 8(
867 791 980 852 hae,
996 791 1311 843 collatione
1326 791 1733 855 saepenumero
1748 790 1899 844 facta
1914 808 2049 844 cum
2062 796 2134 858 ijs
2149 793 2421 845 Siderum

211 863 674 924 sublimitatibuS,
696 878 831 927 quae
848 878 952 927 per
966 861 1325 915 antedictum
1339 861 1717 927 Chabyleum
1732 863 2140 925 Quadrantem
2163 864 2286 928 (qui
2307 864 2421 916 hoc

212 933 582 998 aliquantulo
608 936 801 986 maior
827 934 924 998 est)
953 934 1164 986 eodem
1183 940 1447 998 tempore
1469 934 1913 997 depromuntur,
1942 950 2123 998 quarn
2144 937 2420 999 aptissime

213 1008 470 1057 inuicem
500 1020 820 1070 congruere
853 1004 1396 1070 deprehenduntur;
1431 1005 1582 1056 adeo
1612 1011 1671 1055 vt
1700 1007 1800 1056 vix
1831 1005 2005 1056 sextae
2037 1009 2217 1069 partis
2246 1009 2421 1058 vnius

213 1076 436 1128 Minuti
461 1075 854 1128 differentiola
879 1077 1136 1128 incidere
1162 1077 1337 1140 possit,
1365 1076 1424 1127 id
1447 1083 1648 1128 tamen
1668 1075 1879 1140 saepius
1899 1077 1995 1127 vel
2014 1080 2220 1136 rariuS‚
2248 1085 2432 1142 prout·

213 1147 606 1200 collimatores
631 1147 735 1199 suo
761 1147 1067 1212 sategerint
1087 1147 1300 1199 officio,
1329 1147 1711 1199 Concordant
1732 1150 1910 1198 etiam
1930 1147 2027 1198 hae
2048 1147 2421 1209 AltitudineS‚

212 1218 365 1271 hisce
392 1218 624 1271 duobus
651 1218 1095 1283 Quadrantibus
1122 1222 1184 1270 in
1211 1219 1551 1270 Meridiano
1578 1216 1764 1278 factae,
1795 1218 2139 1270 adamussim
2169 1235 2303 1270 cum
2333 1222 2421 1284 ijS,

213 1306 349 1354 quae
377 1305 482 1354 per
511 1289 948 1343 Orichalcicum
978 1290 1388 1353 Quadrantem
1417 1289 1681 1354 superius
1711 1292 1774 1340 in
1804 1305 1936 1341 arce
1970 1292 2178 1354 parieti
2207 1291 2423 1342 murali

214 1361 466 1413 cubiculi
494 1360 876 1427 Notholybici
905 1361 1154 1414 affixum
1183 1362 1555 1421 denotantur,
1585 1368 1713 1412 tum
1742 1376 1981 1425 quoque
2013 1377 2148 1412 cum
2175 1362 2305 1427 alijs
2333 1362 2422 1413 In-

213 1432 542 1485 strumentis
563 1433 755 1484 eidem
774 1432 899 1484 vsui
920 1433 1227 1498 deputatiS.

284 1503 483 1556 Habet
503 1519 742 1568 quoque
762 1504 858 1556 hic
874 1504 1192 1567 Quadrans
1212 1504 1383 1556 suum
1398 1503 1683 1555 circulum
1698 1502 2146 1555 Azimuthalem
2160 1504 2424 1568 superius

212 1591 386 1627 muro
413 1575 683 1627 circulari
708 1576 1163 1636 incumbentem,
1193 1579 1295 1640 qui
1323 1578 1501 1627 etiam
1523 1574 1894 1627 Orichalcica
1918 1575 2145 1626 lamina
2167 1575 2423 1640 superin-

213 1645 420 1698 ductus
441 1646 531 1707 est,
558 1646 610 1697 8(
633 1646 947 1698 diuifiones
967 1647 1260 1712 graduum
1280 1646 1755 1698 Azimuthalium
1775 1646 2053 1698 subtiliter
2074 1646 2126 1697 8(
2147 1647 2424 1711 exquisite

212 1718 449 1782 praebet,
476 1717 739 1782 ipfissima
760 1718 1035 1770 Meridiei
1061 1718 1221 1770 linea
1245 1734 1370 1770 non
1394 1734 1467 1769 ex
1487 1717 1914 1769 Altitudinibus
1935 1718 2086 1769 Solis
2106 1718 2201 1769 vel
2222 1718 2423 1770 Stella-

213 1805 363 1850 rum,
393 1791 475 1841 vti
504 1792 895 1841 communiter
923 1789 1115 1842 facere
1145 1790 1594 1850 consueuerunt,
1623 1788 1719 1840 sed
1750 1805 1822 1840 ex
1851 1791 1980 1853 ipsa
2009 1789 2203 1841 Polari
2230 1790 2424 1850 Stella,

214 1860 455 1924 quando
475 1863 748 1925 vtrinque
773 1863 939 1913 iuxta
963 1864 1290 1913 maximam
1310 1877 1348 1913 a
1368 1860 1709 1912 Meridiano
1731 1860 2130 1925 digressionem
2149 1861 2424 1921 versatur,

215 1931 267 1983 8(
293 1931 456 1996 quali
480 1934 543 1983 in
568 1948 688 1984 vna
712 1932 872 1984 linea
897 1932 1205 1997 aliquanto
1231 1939 1496 1997 tempore
1517 1931 1886 1984 ascendendo
1907 1931 2002 1983 vel
2022 1932 2425 1984 descendendo

215 2002 511 2056 consistere
526 2003 771 2065 videtur,
791 2003 1143 2056 subtilissima
1158 2004 1209 2055 8(
1223 2003 1518 2056 infallibili
1531 2005 1629 2055 via
1644 2006 1705 2055 in
1720 2002 1834 2055 hoc
1850 2003 2226 2055 Horizontali
2243 2004 2426 2056 limbo

213 2074 611 2139 peruestigata,
632 2075 709 2127 ad
729 2078 896 2127 cuius
918 2079 1096 2127 etiam
1115 2076 1554 2136 indicationem,
1577 2070 1598 2143 ΙΙ
1620 2082 1848 2135 caetera,
1870 2077 1933 2126 in
1954 2075 2168 2139 quibus
2185 2075 2258 2126 fic
2277 2091 2426 2139 opus

215 2145 306 2206 est,
326 2145 711 2198 Instrumenta
725 2146 1126 2212 disponuntur,
1142 2154 1201 2199 vt
1217 2147 1557 2198 Meridiano
1573 2146 1787 2198 coelesti
1802 2146 2222 2211 exquifitissime
2239 2162 2426 2198 corre-

213 2216 552 2281 spondeant.
590 2217 870 2270 Continet
900 2234 1042 2270 vero
1074 2218 1171 2270 hic
1204 2219 1478 2270 Horizon
1510 2217 1907 2270 Azimuthalis
1939 2220 2002 2269 in
2035 2218 2343 2270 Diametro
2376 2219 2425 2270 6.

215 2291 438 2340 circiter
464 2289 705 2349 cubitOS,
734 2305 854 2354 quo
879 2290 1141 2354 spacium
1166 2290 1506 2354 requisitum
1533 2292 1684 2341 inter
1711 2289 2073 2352 Quadrantis
2099 2289 2349 2341 limbum
2374 2290 2426 2341 8(

214 2362 370 2411 1111111
402 2362 743 2412 interiorem
774 2364 1098 2422 circuitum,
1131 2377 1235 2425 per
1268 2361 1428 2425 quod
1463 2361 1835 2421 Obseruator,
1870 2377 2006 2412 cum
2038 2376 2130 2412 res
2162 2361 2425 2425 postulat,

214 2431 454 2483 tranfire
480 2432 655 2495 possit,
683 2436 1106 2485 conuenienter
1131 2432 1382 2497 superfit.
1410 2433 1638 2484 Adsunt
1665 2432 1899 2496 insuper
1925 2432 2062 2483 huic
2084 2432 2321 2498 Cryptae
2342 2432 2427 2483 sui

215 2503 429 2567 gradus
449 2505 710 2564 interiuS,
731 2520 835 2568 per
856 2520 1022 2568 (11103,
1043 2511 1218 2569 prout
1233 2504 1581 2556 Obseruatio
1602 2520 1706 2568 per
1726 2504 1886 2555 hunc
1902 2503 2310 2566 Quadrantem
2331 2519 2426 2555 ex-

215 2576 330 2638 igit,
357 2573 684 2626 ascenditur
704 2575 1161 2636 del'cenditurue,
1184 2575 1236 2627 8(
1256 2575 1432 2627 habet
1452 2576 1717 2640 superius
1737 2574 1968 2634 tectum,
1998 2575 2157 2639 quod
2184 2578 2426 2627 circum-

214 2648 408 2710 gyrari
427 2646 621 2710 potest,
643 2649 724 2698 ita
743 2653 803 2698 vt
823 2647 943 2698 duo
963 2646 1259 2699 foramina
1280 2663 1415 2711 quae
1437 2649 1652 2711 apertis
1667 2647 1858 2698 valuis
1874 2663 1905 2698 e
1921 2649 2158 2711 regione
2174 2645 2425 2705 exhibet,

215 2719 278 2767 in
304 2732 723 2782 quamcunque
750 2718 885 2770 coeli
910 2726 1136 2783 partem
1162 2719 1411 2779 libuerit,
1440 2718 1491 2770 8(
1518 2725 1691 2783 prout
1717 2717 2062 2770 Obseruatio
2090 2718 2427 2781 capessenda

216 2790 474 2852 requirit,
496 2789 779 2841 conuolui
799 2791 1016 2854 possint.
1228 2849 1399 2901 XXII

287 2930 334 2981 E
361 2933 598 2996 regione
625 2931 804 2984 huius
830 2933 904 2985 ab
931 2932 1117 2985 altera
1142 2939 1306 2997 parte
1327 2933 1525 2985 versus
1546 2931 1995 2997 Borrolybicum
2021 2933 2135 2983 itur
2157 2933 2221 2982 in
2244 2930 2426 2983 aliam

217 3000 474 3053 eiusdem
488 3017 624 3054 cum
637 3003 766 3064 hae,
782 3004 854 3056 de
870 3020 990 3068 qua
1004 3004 1277 3065 diximuS,
1292 3004 1501 3056 formae
1517 3004 1569 3055 8(
1584 3006 1924 3068 quantitatis
1939 3003 2238 3068 Cryptam‚
2260 3002 2427 3053 litera

217 3072 263 3123 E
296 3075 358 3124 in
388 3072 755 3138 subsequenti
780 3074 1131 3140 figuratione
1158 3076 1494 3135 indicatam,
1522 3075 1620 3126 vbi
1647 3074 2099 3126 Instrumentum
2126 3073 2427 3138 quoddam

215 3143 533 3196 Armillare
553 3146 767 3207 vifitur,
795 3147 955 3211 quod
975 3163 1099 3198 non
1118 3147 1321 3199 saltem
1340 3148 1503 3198 Axes
1523 3146 1700 3199 habet
1719 3146 1875 3197 Polis
1895 3146 2104 3197 mundi
2124 3145 2425 3209 analogOS,

218 3214 557 3268 Meridiano
573 3217 881 3283 Chalybeo
902 3217 1277 3279 inhaerenteS,
1298 3218 1394 3270 sed
1414 3218 1648 3282 insuper
1669 3233 1907 3281 quoque
1922 3216 2301 3268 Zodiacalem
2322 3218 2425 3267 cir-

217 3285 433 3346 culum,
454 3289 518 3338 in
536 3288 692 3340 Polis
711 3289 828 3340 suis
849 3289 1314 3341 conuolubilem:
1335 3296 1764 3353 proptereaque
1784 3288 2065 3340 TYCHO
2086 3287 2199 3338 hoc
2221 3287 2425 3338 Instru-

217 3364 485 3409 mentum
516 3359 798 3412 Armillas
831 3360 1176 3412 Zodiacales
1209 3360 1507 3424 appellare
1540 3360 1695 3411 solet.
1732 3359 2023 3410 Exhibent
2055 3361 2258 3409 omnia
2291 3373 2425 3421 quae

359 3440 405 3474 3⁶
1896 3427 2425 3480 HYPPARCHVS
