2730 4212
365 306 466 356 292
710 299 1309 352 EPISTOLARUM
1335 297 2167 351 ASTRONOMICARUM

473 436 1068 490 DELINEATIONIS
1094 436 1376 488 TOTIUS
1403 436 1899 488 CAPACITATIS
1926 437 2398 491 EXPLICATIO.

476 519 674 559 Domus
694 515 957 569 praecipua
977 515 1027 555 in
1046 514 1152 567 ipso
1172 514 1456 556 meditullio
1475 514 1632 556 totius
1647 514 1951 567 capacitatis
1966 514 2214 567 extructa,
2230 517 2270 558 81
2283 528 2376 570 per
2390 530 2511 571 qua-

361 516 471 617 A
496 579 614 617 tuor
638 575 798 615 latera
820 573 1019 624 aequale
1041 572 1354 624 quadratum
1375 571 1651 614 efficientia
1669 572 1721 613 in
1740 571 1782 613 4.
1805 572 1985 614 mundi
2004 573 2182 626 plagas
2202 573 2510 620 exacstissime

360 644 588 685 uergens,
611 632 680 672 ita
700 634 754 671 ut
774 630 892 671 duae
911 629 1173 671 turriculae
1195 629 1466 671 Meridiem
1486 629 1526 670 81
1546 629 1974 682 Septentrionem,
1997 630 2170 672 ambae
2190 643 2316 675 uero
2337 635 2509 677 ualuae

361 691 542 732 Ortum
569 690 607 729 8ι
635 688 888 730 Occasum
915 687 1158 739 exquisite
1183 686 1468 739 respiciant.
1502 687 1554 728 E.
1581 687 1732 729 Porta
1759 687 2034 730 Orientalis
2060 699 2217 741 opere
2242 690 2439 734 Rustico
2468 693 2508 734 δι

358 748 586 789 Tuscano
613 746 909 798 composita.
943 745 1003 786 D.
1031 746 1181 786 Porta
1208 744 1556 786 Occidentalis
1584 745 1771 786 eodem
1801 756 1958 798 opere
1984 746 2269 790 elaborata.
2301 748 2510 792 Habent

360 808 532 846 autem
559 804 641 845 hae
668 804 802 844 binae
823 805 988 855 portae
1011 802 1237 855 superius
1258 803 1389 844 duos
1409 813 1566 844 canes
1587 803 1814 845 maiores
1833 803 2145 857 Anglicanos
2165 806 2510 850 excubatores

357 863 406 903 in
428 861 764 904 conueniente
785 861 1116 909 domuncula,
1138 862 1193 901 ut
1212 859 1438 912 undique
1459 860 1799 902 aduentantes
1819 861 2009 903 latratu
2028 861 2268 914 indicent,
2296 865 2337 906 81
2363 865 2509 908 simul

360 920 582 972 superius
608 930 846 960 cameras
871 929 965 970 pro
991 916 1283 971 peregrinis.
1313 918 1363 960 Β.
1393 917 1617 959 Officina
1641 917 2053 972 Typographica‚
2080 920 2293 964 maioris
2319 923 2508 967 domus

357 978 550 1019 Idaeam
583 988 745 1029 parua
778 976 947 1018 forma
981 975 1373 1028 quodammodo
1405 975 1650 1017 referens.
1684 975 1735 1017 C.
1767 976 2098 1020 Domuncula
2129 989 2224 1031 pro
2253 980 2505 1032 ministris,

356 1035 511 1076 etiarn
537 1034 791 1076 maiorem
818 1035 1050 1083 domum,
1079 1043 1181 1085 quo
1209 1033 1275 1074 ad
1301 1032 1614 1086 frontispicia
1640 1036 1691 1075 et
1717 1035 1961 1086 quaedam
1989 1035 2091 1078 alia
2115 1038 2505 1090 repraesentans.

356 1093 403 1133 F.
427 1092 642 1134 Interior
666 1092 788 1133 ualli
814 1091 987 1133 facies.
1016 1091 1073 1132 G.
1096 1090 1330 1133 Exterior
1349 1090 1457 1132 eius
1483 1090 1655 1133 forma
1676 1102 1798 1133 cum
1819 1092 1906 1134 sua
1927 1093 2262 1146 dispositione.
2292 1095 2352 1138 N.
2375 1096 2508 1148 Qua-

353 1154 471 1191 tuor
495 1150 595 1192 uiae
622 1150 796 1191 uersus
825 1149 1009 1190 ambas
1038 1152 1215 1201 portas
1240 1149 1280 1190 ἃ
1306 1151 1582 1202 utramque
1611 1148 1987 1192 domunculam
2016 1152 2278 1204 ducentes,
2309 1165 2428 1207 quae
2456 1155 2507 1198 in

353 1208 393 1249 4.
418 1208 594 1249 mundi
614 1208 791 1260 plagas
814 1206 1117 1248 adamussim
1138 1209 1432 1248 excurrunt.
1461 1207 1520 1248 Ο.
1543 1206 1780 1257 Quatuor
1797 1207 1969 1251 ianuae
1989 1209 2277 1253 hortorum.
2307 1212 2376 1254 M.
2397 1213 2507 1256 Per-

352 1267 484 1319 gulae
524 1269 745 1318 quatuor
780 1265 831 1306 in
867 1265 963 1306 illis
996 1264 1459 1307 semicircularibus
1496 1265 1645 1307 uallis
1683 1267 1998 1310 amoenitatis
2035 1268 2199 1321 gratia
2236 1268 2503 1323 dispofitae.

353 1325 408 1364 L.
439 1323 589 1365 Horti
616 1323 899 1364 herbarum
928 1323 967 1363 81
995 1322 1201 1364 florum.
1237 1322 1300 1364 H.
1335 1322 1486 1364 Horti
1516 1323 1766 1366 arborum
1793 1325 1920 1379 uarij
1951 1325 2149 1379 generis
2169 1339 2387 1371 numero
2414 1329 2507 1371 cir-

352 1382 478 1423 citer
501 1384 867 1423 trecentarum.
894 1381 1061 1433 Atque
1086 1380 1203 1422 haec
1224 1380 1293 1423 est
1311 1380 1468 1423 totius
1488 1381 1792 1434 capacitatis
1816 1382 2102 1437 descriptio.
2132 1384 2304 1428 Habet
2330 1389 2505 1429 autem

350 1439 472 1480 ualli
498 1438 720 1480 ambitus
745 1438 967 1491 figuram
994 1439 1307 1491 quadratam
1332 1439 1383 1480 in
1409 1438 1582 1481 medio
1603 1439 1986 1483 Semicirculari
2005 1441 2352 1495 intertextam,
2379 1447 2435 1486 ut
2453 1445 2505 1487 in

351 1497 684 1538 antecedente
705 1496 1047 1550 designatione
1066 1499 1222 1549 patet.
1249 1496 1454 1550 Singula
1474 1508 1601 1539 uero
1622 1498 1861 1550 quadrati
1880 1500 2044 1542 latera
2063 1500 2327 1544 continent
2345 1503 2504 1556 pedes

349 1554 447 1596 300.
472 1554 717 1596 Crassities
737 1554 858 1595 ualli
878 1554 1278 1597 fundamentalis
1303 1555 1372 1597 est
1396 1555 1468 1597 20.
1489 1556 1605 1608 ped.
1626 1556 1855 1600 Altitudo
1877 1557 1985 1600 eius
2007 1558 2078 1600 22.
2100 1559 2216 1612 ped.
2239 1559 2504 1604 Diameter

348 1623 473 1654 uero
500 1611 903 1654 Semicircularis
931 1612 1053 1654 ualli
1081 1612 1294 1655 interior
1318 1613 1387 1655 est
1412 1614 1528 1666 ped.
1556 1613 1762 1657 circiter
1786 1614 1856 1657 90.
1886 1615 2087 1658 Domus
2114 1616 2222 1670 ipsa
2249 1617 2300 1659 in
2329 1619 2503 1662 medio

349 1671 453 1720 fita,
482 1682 599 1722 quae
625 1670 781 1712 etiam
802 1669 981 1712 exacste
1002 1671 1257 1723 quadrata
1278 1671 1361 1722 est,
1387 1671 1547 1714 habet
1566 1671 1618 1713 in
1637 1672 1838 1726 singulis
1858 1674 2104 1717 lateribus
2124 1675 2328 1718 circiter
2345 1677 2503 1730 pedes

346 1728 416 1769 60.
438 1728 665 1770 Altitudo
687 1728 822 1770 muri
840 1728 911 1770 45.
933 1729 1047 1781 ped.
1069 1729 1255 1771 Turres
1281 1740 1409 1772 uero
1434 1730 1674 1773 rotundae
1695 1743 1727 1772 a
1747 1731 1962 1774 Meridie
1982 1732 2022 1774 δι
2042 1732 2398 1786 Septentrione
2418 1747 2503 1789 ap-

346 1786 522 1838 pofitae
551 1786 745 1828 habent
772 1786 843 1828 22.
871 1787 1029 1839 pedes
1059 1786 1111 1828 in
1144 1787 1417 1838 diametro,
1454 1788 1639 1841 quibus
1666 1789 1892 1832 ambitus
1920 1790 2145 1833 exterius
2173 1791 2502 1836 adhaerentes

347 1844 542 1885 addunt
567 1845 724 1897 pedes
753 1844 818 1886 lO.
846 1845 1076 1888 Porticus
1102 1845 1168 1887 ab
1196 1845 1405 1888 Oriente
1431 1846 1471 1887 81
1497 1846 1780 1890 Occidente
1804 1847 2016 1891 inferius
2043 1849 2283 1902 quadrati
2307 1850 2502 1894 habent

349 1902 414 1943 15.
436 1903 594 1955 pedes
614 1902 664 1943 in
684 1902 912 1955 quolibet
935 1904 1110 1945 latere.
1137 1903 1266 1946 Tota
1293 1904 1508 1947 altitudo
1535 1905 1724 1948 domus
1745 1918 1777 1948 a
1795 1908 1950 1949 terrae
1972 1907 2238 1961 superficie
2256 1908 2414 1962 usque
2434 1910 2501 1951 ad

343 1960 585 2013 Pegasum
613 1960 907 2013 supremum
935 1961 1003 2003 est
1029 1962 1221 2014 pedum
1247 1963 1318 2004 75.
1346 1963 1549 2005 Domus
1575 1962 1732 2005 etiarn
1755 1964 1877 2018 ipsa,
1905 1965 2323 2019 quaquauersum
2342 1970 2499 2020 patet,

343 2018 601 2071 hypogaea
627 2018 785 2060 habet
809 2019 1048 2069 aedificia,
1080 2030 1303 2072 quorum
1332 2020 1657 2074 profunditas
1682 2022 1752 2064 est
1776 2023 1971 2076 pedum
1997 2023 2290 2067 duodecim.
2321 2025 2434 2068 Imo
2461 2026 2501 2067 δι

345 2077 588 2128 quaedam
615 2076 714 2118 alia
741 2077 852 2118 sunt
876 2077 1010 2119 infra
1034 2078 1168 2120 haec.
1196 2078 1292 2121 Ista
1318 2090 1445 2121 uero
1473 2079 1803 2122 subterranea
1830 2092 1953 2123 cum
1974 2082 2067 2124 fint
2085 2093 2190 2124 non
2208 2082 2293 2125 hic
2313 2094 2501 2137 reprae-

344 2134 617 2185 sentantur‚
645 2137 758 2176 utut
782 2135 956 2177 multis
979 2135 1209 2178 constent
1229 2136 1763 2190 discriminationibus‚
1791 2139 1831 2181 8ι
1856 2138 1909 2181 in
1928 2140 2103 2183 uarios
2122 2140 2241 2183 usus
2261 2141 2500 2185 ordinata

343 2192 449 2242 sint,
483 2204 599 2244 quae
632 2192 788 2234 etiarn
817 2193 1018 2247 magnis
1047 2194 1346 2248 sumptibus,
1381 2195 1420 2236 δι
1452 2207 1584 2249 pene
1611 2207 1717 2239 non
1745 2196 2047 2249 minoribus,
2081 2210 2240 2251 quam
2273 2199 2500 2253 superior

342 2250 530 2292 domus
549 2262 670 2303 pars
691 2263 809 2304 quae
831 2251 981 2305 supra
1000 2254 1155 2295 terrae
1175 2253 1441 2306 planitiem
1461 2256 1618 2306 extat,
1640 2266 1702 2297 ac
1725 2254 1813 2297 sub
1835 2255 1920 2299 dio
1939 2259 2097 2310 patet,
2119 2255 2356 2300 confecta
2371 2258 2496 2300 sunt.

343 2371 1110 2433 ORTHOGRAPHIAE
1150 2374 1791 2437 STELLAEBVRGI
1831 2377 2497 2451 SVBSEQVENTIS

1183 2465 1654 2518 EXPLICATIO.

339 2535 652 2639 APortale
678 2552 742 2582 ex
769 2541 945 2584 Ionico
973 2553 1129 2596 opere
1156 2544 1517 2597 compositum,
1545 2555 1638 2598 per
1663 2546 1803 2598 quod
1828 2545 1886 2588 fit
1911 2546 2180 2589 descensus
2204 2546 2256 2589 in
2276 2547 2495 2602 Cryptas

478 2598 627 2651 hujus
648 2599 1011 2654 Obseruatorij‚
1040 2601 1267 2654 superius
1293 2601 1492 2645 habens
1516 2606 1622 2646 tres
1648 2604 1850 2647 Leones
1874 2604 2162 2648 Coronatos
2187 2605 2389 2648 affabre
2415 2617 2497 2648 ex-

340 2655 412 2697 cis
411 2666 484 2705 os,
507 2656 546 2696 81
565 2656 684 2698 hinc
700 2657 817 2699 inde
831 2658 1028 2711 lapides
1041 2659 1369 2713 Porphyrios,
1386 2660 1472 2713 qui
1486 2661 1840 2715 inscriptiones
1854 2662 2222 2706 conuenientes
2236 2663 2493 2707 exhibent.

340 2714 376 2754 B
402 2715 682 2756 rotundum
708 2716 1047 2768 laquearium,
1076 2717 1164 2759 sub
1192 2719 1295 2771 quo
1322 2718 1731 2772 Hypocaustum,
1758 2720 1809 2762 in
1835 2721 1975 2774 quod
2000 2721 2227 2774 undique
2246 2733 2275 2764 e
2295 2722 2497 2777 Cryptis

339 2771 1262 2882 &ggffssuffaffissrfinffgsspssssffnssuma
1287 2776 2494 2881 ἓὲῗὲἓέῗὲιῇφἶῖῗὲῗωῐῖῗὲἑίἶὲἒξῗᾞ

339 2887 389 2928 in
410 2842 760 2940 quapArmillae
781 2846 1120 2934 Zodiacales.g
1127 2892 1161 2933 F
1181 2866 1373 2946 Crssmta
1398 2893 1451 2935 in
1476 2906 1579 2947 qua
1598 2848 1847 2949 nfzfgnum
1867 2894 2193 2946 Quadratum
2214 2850 2496 2940 Geonrisett'ri-

340 2956 461 2987 curn
477 2946 799 2999 Chalybeum
813 2948 1023 2991 interius
1039 2949 1395 2999 Quadrantem
1409 2952 1694 3003 continens,
1714 2953 1889 2996 existit.
1912 2953 1956 2996 G
1970 2954 2162 3008 Crypta
2175 2954 2264 2997 ubi
2277 2954 2495 2998 Sextans

340 3003 773 3052 Quadricubitalis
806 3006 1087 3059 disponitur
1115 3008 1168 3050 in
1199 3009 1287 3051 suo
1319 3009 1487 3052 fulcro
1519 3011 1559 3052 δι
1593 3011 1760 3054 Globo
1792 3011 2121 3055 conuolubili.
2157 3011 2288 3055 Haec
2321 3013 2494 3066 quoad

339 3061 556 3114 Cryptas
575 3062 708 3115 ipsas
728 3063 954 3106 breuiter
971 3065 1197 3108 indicata
1218 3067 1330 3109 sint:
1357 3067 1670 3111 Vlteriorem
1690 3069 2105 3123 explicationem,
2132 3070 2324 3124 partim
2344 3071 2494 3124 supra

338 3118 578 3169 indicata,
595 3121 783 3173 partim
800 3122 887 3164 suo
902 3123 1020 3165 loco
1035 3124 1424 3177 manifestanda,
1441 3126 1848 3180 suppeditabunt.
1861 3125 1883 3227 μ
1895 3128 2127 3170 Exterius
2139 3128 2192 3170 in
2206 3139 2330 3171 area
2343 3129 2494 3184 hujus

339 3177 642 3229 capacitatis
662 3178 1246 3223 STELLAEBVRGICAE
1273 3184 1534 3227 columnae
1559 3185 1781 3239 lapideae
1803 3186 1851 3227 H
1902 3185 2139 3239 utrinque
2160 3187 2227 3229 ad
2248 3187 2433 3230 Ortum
2453 3187 2494 3229 ἃ

339 3234 596 3277 Occasum
622 3236 888 3289 dispofitae,
918 3239 1101 3291 quibus
1126 3243 1236 3282 tam
1263 3241 1466 3295 Regulae
1492 3243 1822 3286 Ptolemaicae
1847 3244 2197 3298 imponuntur,
2227 3256 2386 3298 quarn
2405 3245 2494 3287 Ar-

337 3292 495 3335 millae
514 3293 742 3336 minores
762 3295 1042 3348 portatiles,
1065 3298 1274 3350 quando
1294 3300 1584 3353 requiritur,
1605 3301 1989 3355 suspenduntur.
2014 3302 2218 3346 KLNO
2233 3302 2385 3346 Globi
2402 3302 2494 3345 ful-

2384 3365 2492 3414 cris

2540 451 2619 494 261

2556 701 2578 735 5

2560 990 2600 1025 10

2558 1279 2599 1314 15

2551 1570 2596 1604 20

2549 1860 2594 1895 25

2543 2557 2588 2592 35

2543 2848 2588 2882 40

2525 3130 2609 3174 262
