2748 4204
398 379 461 428 46
616 389 619 393 *
742 376 1345 427 EPISTOLARUM
1372 372 2200 426 ASTRONOMICARUM

393 520 453 566 in
473 516 653 567 altera
672 515 755 567 31-3-
775 516 928 578 grad.
951 514 1062 564 Die
1078 515 1109 565 5
1125 514 1476 564 Nouembris
1495 513 1600 563 fuit
1620 515 1806 575 primo
1827 519 2083 574 tempore
2099 510 2362 561 Eleuatio
2375 511 2543 575 supra

395 586 777 636 Horizontem
797 585 887 637 39³43
912 584 1065 647 grad.
1087 583 1341 646 sequenti
1360 583 1458 635 48212
1477 583 1629 646 grad.
1657 582 1769 632 Die
1789 582 1822 632 6
1841 584 1902 632 in
1921 583 2109 644 prima
2130 580 2542 631 Obseruatione

395 661 513 705 erat
533 654 791 704 Altitudo
811 654 879 704 26
898 659 1038 716 part.
1066 656 1127 703 in
1152 652 1332 703 altera
1357 652 1424 703 38
1443 667 1519 715 gr.
1548 652 1614 702 In
1639 651 1729 702 his
1747 666 1886 702 vero
1911 652 2083 701 tantis
2108 649 2542 701 sublimitatibus

393 724 550 774 haud
576 726 759 786 potuit
778 723 1093 773 Radiorum
1113 720 1392 773 Refrac'tio
1415 721 1593 772 vllam
1618 720 1908 772 fallaciam
1933 722 1994 770 in
2019 719 2415 770 Parallaxibus
2440 722 2543 770 rite

394 792 764 843 enucleandis
783 791 1086 842 infinuare.

462 863 619 912 Patet
638 865 830 924 itaque
852 877 923 912 ex
942 860 1032 911 his
1049 861 1559 912 obseruationibus
1580 860 1876 923 diligenter
1895 862 1956 909 in
1975 859 2132 909 hunc
2151 858 2393 909 modum
2413 873 2543 910 exa·

393 934 623 982 minatis
645 931 951 982 Cometam
976 930 1132 981 hunc
1157 945 1304 993 pene
1330 929 1707 980 insensibilem
1730 928 1997 980 admifisse
2018 927 2363 987 Parallaxin,
2391 928 2545 991 quod

393 1001 631 1063 reliquae
653 1000 1096 1051 obseruationes
1122 999 1290 1063 supra
1315 1006 1545 1057 notatae,
1573 998 1612 1048 fi
1637 1001 1763 1062 pari
1787 1001 2001 1049 trutina
2027 998 2441 1061 expendantur,
2467 1000 2547 1048 ita

392 1070 445 1121 se
472 1070 685 1121 habere
712 1069 1181 1133 astipulabuntur.
1209 1069 1367 1119 Idem
1394 1071 1567 1119 etiam
1594 1083 1664 1119 ex
1687 1068 1947 1118 distantia
1968 1068 2228 1119 Cometae
2249 1082 2284 1118 a
2305 1066 2547 1129 Capella

394 1140 608 1201 (versus
629 1154 806 1202 quam
827 1139 1062 1190 Stellam
1088 1138 1314 1189 cursum
1339 1138 1505 1188 suum
1525 1137 1820 1201 dirigebat)
1846 1139 1908 1187 in
1928 1137 2151 1188 diuerso
2171 1136 2291 1196 situ,
2317 1143 2545 1200 praeter-

393 1209 549 1272 lapso
579 1209 799 1271 aliquot
828 1209 1129 1259 Horarum
1157 1207 1464 1258 interuallo
1493 1206 1814 1269 scrupulose
1843 1214 2092 1269 accepta,
2126 1206 2422 1257 euidenter
2454 1221 2546 1256 ex-

393 1286 586 1341 pertus
605 1278 743 1329 sum.
773 1278 907 1329 Siue
929 1281 1084 1328 enim
1105 1277 1351 1328 Cometa
1371 1280 1431 1326 in
1451 1277 1674 1335 decliui‚
1702 1276 1817 1327 flue
1837 1278 1898 1326 in
1919 1276 2121 1326 altiore
2142 1278 2292 1326 circa
2311 1275 2546 1326 Meridi-

394 1363 574 1399 anum
587 1348 768 1411 pofitu
782 1347 1124 1405 versabatur,
1140 1363 1261 1397 non
1275 1346 1439 1396 aliter
1452 1346 1859 1396 remouebatur
1873 1361 1908 1396 a
1921 1348 2346 1408 praenominata
2357 1345 2547 1404 Stella,

395 1433 572 1481 quam
596 1419 976 1480 promotionis
1000 1417 1224 1467 diurnae
1244 1415 1436 1466 versus
1458 1415 1703 1466 eandem
1723 1417 1869 1466 ratio
1890 1414 2164 1479 exigebat.
2192 1415 2254 1465 Id
2275 1415 2431 1478 quod
2450 1429 2547 1465 ne-

394 1502 689 1550 quaquam
715 1486 839 1537 fieri
864 1487 1133 1549 potuisset‚
1160 1485 1199 1535 fi
1225 1500 1346 1535 non
1371 1485 1540 1548 longe
1566 1487 1775 1535 maiori
1794 1485 2220 1548 intercapedine
2241 1499 2420 1547 quam
2438 1484 2547 1535 Lu-

393 1560 548 1607 naris
570 1556 810 1620 Sphaera
824 1571 859 1606 a
873 1556 1063 1606 Terris
1084 1555 1353 1606 distitisset.
1377 1554 1743 1617 Quapropter
1762 1570 1883 1604 non
1902 1554 2099 1605 saltem
2118 1557 2180 1605 in
2200 1554 2549 1605 Elementari

394 1627 643 1689 Regione
663 1625 813 1675 infra
827 1626 1055 1675 Lunam
1077 1625 1232 1687 (cum
1253 1624 1443 1675 adhuc
1463 1624 1631 1687 longe
1650 1627 1935 1674 maiorem
1954 1624 2068 1674 illic
2089 1622 2343 1687 aspectus
2363 1625 2547 1674 diuer-

392 1696 608 1746 fitatem
627 1694 939 1756 admifisset)
960 1694 1116 1745 hunc
1138 1694 1443 1745 Cometam
1463 1693 1796 1744 nullatenus
1816 1694 2059 1752 extitisse,
2079 1693 2254 1745 sedin
2272 1693 2548 1744 Altissimo

392 1765 644 1823 AEthere,
671 1771 770 1815 aut
789 1764 958 1827 supra
977 1764 1162 1827 ipsum
1181 1763 1391 1823 Solem,
1419 1770 1519 1814 aut
1539 1769 1686 1814 certe
1707 1779 1828 1814 non
1847 1763 2016 1827 longe
2035 1763 2187 1814 infra
2205 1763 2363 1814 hunc
2381 1778 2547 1827 gene-

393 1842 581 1886 ratum
592 1835 759 1893 fuisse,
770 1834 1139 1885 Parallaxeos
1152 1833 1390 1892 exilitaS,
1401 1848 1533 1896 quae
1545 1848 1693 1896 pene
1704 1833 2036 1885 insenfibilis
2048 1840 2184 1893 erat,
2193 1833 2548 1896 liquidissime

394 1904 814 1955 demonstrauit.
848 1904 914 1954 In
945 1903 1063 1967 ipso
1095 1910 1291 1954 autem
1316 1902 1554 1953 AEthere
1586 1918 1775 1954 nouas
1805 1906 2204 1967 generationes
2233 1902 2548 1966 aliquando

392 1977 696 2038 procreari,
717 1989 839 2024 non
858 1973 1054 2025 saltem
1075 1988 1160 2032 ea,
1183 1988 1315 2036 quae
1335 1973 1409 2024 ad
1425 1973 1783 2036 Cassiopeam
1803 1979 1936 2024 ante
1956 1973 2011 2024 13
2025 1974 2234 2024 Annos
2250 1975 2311 2023 in
2327 1971 2551 2024 Otftaua

393 2044 634 2108 Sphaera
661 2047 900 2094 immota
932 2044 1062 2107 plus
1094 2046 1312 2107 integro
1341 2043 1519 2093 Anno
1552 2043 1805 2102 constitit,
1838 2058 2037 2094 recens
2069 2049 2207 2094 nata
2234 2042 2425 2100 Stella,
2456 2042 2550 2094 sed

394 2117 566 2165 etiam
585 2122 697 2164 tres
717 2114 811 2178 alij
832 2114 1092 2164 Cometae
1113 2116 1332 2164 interea
1345 2113 1511 2163 nobis
1526 2112 1822 2176 conspecti,
1844 2115 1944 2176 qui
1956 2113 2125 2177 longe
2139 2113 2309 2177 supra
2322 2113 2551 2163 Lunam

391 2184 590 2247 inipso
610 2183 846 2234 AEthere
868 2183 1094 2234 cursum
1113 2183 1280 2233 suum
1302 2182 1690 2243 absoluebant‚
1717 2182 2060 2234 sufficienter
2085 2183 2548 2246 comprobarunt.

392 2254 584 2304 Veluti
598 2269 705 2304 nos
720 2253 905 2316 (DEO
921 2260 1160 2304 conatus
1174 2252 1579 2316 promouente)
1594 2252 1870 2315 peculiari
1887 2253 2077 2316 Opere
2092 2253 2162 2304 de
2176 2252 2267 2304 his
2281 2252 2551 2303 omnibus

394 2323 703 2382 elaboratO,
733 2324 1137 2374 euidentissime
1157 2338 1259 2386 per
1279 2328 1460 2373 certas
1482 2322 1944 2383 Obseruationes,
1966 2322 2017 2374 &
2036 2322 2126 2373 his
2147 2322 2417 2374 fundatas
2436 2322 2550 2373 De-

392 2393 829 2444 monstrationes
848 2393 1012 2444 breui
1031 2392 1207 2444 fidem
1227 2392 1522 2444 faciemuS.

463 2462 953 2526 Quandoquidem
972 2466 1142 2527 igitur
1160 2463 1468 2514 Cometam
1487 2462 1644 2513 hunc
1663 2469 1888 2513 motum
1901 2462 2244 2514 AEthereum
2258 2462 2310 2513 &
2323 2462 2550 2513 ordina-

392 2540 531 2592 tum,
559 2536 658 2596 qui
677 2549 750 2584 ne
770 2548 872 2596 per
891 2533 1223 2584 Parallaxes
1243 2533 1495 2596 quidem,
1521 2532 1700 2583 veluti
1719 2535 1780 2583 in
1801 2533 1968 2584 Luna
1990 2532 2068 2593 fit,
2094 2534 2410 2584 intricatior
2428 2532 2550 2583 red-

392 2603 634 2663 deretur,
656 2602 948 2654 obtinuisse
964 2618 1034 2654 ex
1048 2603 1533 2662 antecedentibuS,
1549 2605 1687 2653 citra
1703 2618 1876 2653 omne
1891 2602 2149 2662 dubium,
2163 2601 2553 2653 manifestatur

391 2688 491 2736 per
518 2688 615 2724 eas
642 2688 787 2736 quas
812 2672 1026 2724 habere
1052 2673 1211 2724 licuit
1237 2672 1699 2732 ObseruationeS,
1726 2688 1763 2724 a
1786 2675 1975 2736 primo
2002 2673 2094 2724 die
2120 2687 2238 2735 quo
2263 2672 2430 2723 nobis
2455 2687 2552 2735 ap·

392 2746 596 2805 paruit,
623 2743 797 2806 vsque
821 2744 894 2794 ad
917 2744 972 2795 15
993 2743 1362 2802 NouembriS‚
1390 2745 1540 2794 circa
1566 2758 1741 2806 quem
1766 2742 2012 2806 conspici
2038 2742 2209 2806 defijt,
2235 2744 2551 2805 proportio-

393 2813 512 2863 nali
533 2813 840 2864 collatione
860 2812 1009 2864 facta
1027 2809 1406 2879 vni—fluersum
1427 2815 1551 2863 eius
1570 2819 1795 2863 motum
1815 2813 1889 2864 ad
1908 2812 2162 2863 mediam
2183 2810 2430 2863 Noctem
2447 2811 2551 2862 sm-

394 2883 661 2945 gulorum
680 2883 1156 2934 intermediorum
1176 2883 1401 2933 dierum
1420 2883 1840 2945 adaptabimus‚
1861 2882 2143 2946 totiusque
2157 2884 2376 2933 interea
2389 2879 2552 2933 factae

394 2955 774 3016 promotionis
788 2953 1232 3016 Ephemeridem
1248 2952 1611 3015 Colophonis
1627 2952 1757 3003 loco
1777 2952 2200 3016 subiungemuS.
2223 2952 2378 3002 Licet
2398 2953 2553 3002 enim

395 3022 623 3086 singulis
649 3020 945 3081 NoctibuS,
976 3023 1049 3074 ob
1078 3024 1292 3073 Aerem
1320 3028 1598 3085 perpetuo
1625 3022 1765 3073 dum
1791 3022 2022 3073 durauit
2047 3037 2169 3073 non
2195 3021 2552 3079 defaecatum,

396 3091 547 3142 hanc
574 3093 857 3143 Crinitam
888 3095 1146 3143 contueri
1175 3094 1414 3143 minime
1443 3092 1601 3142 licuit
1632 3092 1711 3154 (vt
1739 3099 1911 3143 antea
1937 3107 2170 3155 quoque
2195 3089 2552 3152 monuimus)

395 3169 590 3212 tamen
616 3162 689 3212 ad
717 3177 815 3212 eas
842 3165 1015 3213 etiam
1043 3160 1271 3220 NocteS,
1304 3162 1512 3225 quibus
1538 3177 1659 3212 non
1686 3162 2151 3224 conspiciebatur,
2181 3167 2405 3212 motum
2430 3163 2555 3211 eius

395 3232 899 3295 proportionaliter
930 3233 1219 3295 adaptare,
1260 3231 1627 3294 eundemque
1658 3231 1867 3282 mediae
1900 3230 2086 3290 Nocti,
2118 3237 2237 3282 vtvt
2267 3237 2402 3282 tunc
2434 3245 2555 3281 non

396 3302 616 3365 semper
653 3301 1137 3360 animaduersum,
1176 3301 1387 3363 vbique
1425 3301 1731 3352 conciliare
1763 3316 1884 3352 non
1917 3302 1990 3352 est
2021 3300 2267 3361 difficile,
2305 3301 2362 3352 id
2400 3299 2555 3363 quod

396 3387 551 3423 nunc
572 3371 978 3435 praestabimus,

2240 3438 2556 3491 DIARIUS

2600 1153 2640 1187 10

2601 1501 2641 1535 15

2597 1849 2642 1883 20

2598 2199 2643 2232 25

2600 2547 2645 2582 30

2600 2819 2651 2861 19

2601 2896 2646 2931 35

2603 3245 2648 3279 40
