2748 4204
73 1132 130 1176 45

86 1495 127 1530 15

84 2206 131 2241 25

85 2917 132 2953 35

970 340 1217 392 LIBER
1244 341 1569 394 PRIMUS
2301 347 2369 399 73

170 498 303 535 mus
318 481 584 546 (dimidio
597 480 800 533 saltem
813 480 1084 544 scrupulo
1100 481 1416 546 Copernici
1430 482 1710 547 pofitione
1725 487 2033 546 minorem,
2050 487 2209 550 quod
2222 487 2371 538 nihil

170 555 482 619 negocium
501 552 615 603 hoc
627 555 833 612 variat,
855 566 992 603 cum
1004 551 1313 617 vtrobique
1332 554 1583 605 eandem
1602 555 2078 620 praesupponam)
2099 561 2371 621 prouenit

171 622 500 689 Longitudo
521 622 710 687 Spicae
731 622 807 674 ad
826 622 886 673 id
904 628 1137 687 tempus
1157 625 1220 675 in
1239 630 1384 687 part.
1407 625 1479 676 17.
1500 625 1585 676 M.
1602 626 1674 677 14.
1697 631 1775 687 Q,
1796 626 1929 679 licet
1949 627 2065 692 ipse
2088 628 2369 693 Coperni-

172 710 275 748 cus
299 695 455 746 hanc
480 694 530 746 7.
553 693 837 758 scrupulis
861 692 1200 746 vlteriorem
1226 694 1545 756 constituat,
1572 696 1750 761 idque
1775 698 1981 762 procul
2006 699 2201 759 dubi0,
2229 703 2371 752 vitio

170 769 368 819 minus
389 764 665 829 exquirite
686 766 934 829 cognitae
955 764 1319 817 Eleuationis
1333 766 1574 827 Polaris,
1597 783 1778 831 quam
1799 770 2070 821 credibile
2092 770 2166 822 est
2185 771 2372 834 ipsum

171 853 274 903 per
293 835 492 889 Solem
518 851 591 887 ex
616 835 923 887 altitudine
948 838 1214 888 maxima
1240 836 1292 887 &
1317 839 1583 898 minima,
1610 841 1838 891 ratione
1865 840 1939 892 ob
1966 840 2373 894 refractionem

171 911 234 961 in
253 906 466 960 decliui
484 906 591 958 fitu
610 906 822 966 fallaci,
844 906 1207 970 inquifiuisse.
1231 907 1507 972 Cumque
1527 908 1642 960 hoc
1660 916 1923 974 tempore
1938 910 2109 976 Spica
2127 912 2373 964 declinet

173 994 246 1032 ex
273 977 477 1030 nostris
507 977 1031 1030 obseruationibus
1063 984 1209 1042 part.
1240 979 1289 1030 8.
1321 979 1407 1031 Μ.
1438 980 1522 1032 57.
1554 981 1805 1048 praecise,
1840 981 1892 1032 8(
1924 983 2163 1034 assumta
2192 986 2373 1047 priori

171 1049 495 1109 latitudine,
522 1051 649 1100 eius
675 1048 1008 1114 Longitudo
1028 1049 1247 1101 incidat
1266 1052 1330 1101 in
1348 1056 1494 1114 part.
1516 1051 1589 1103 18.
1611 1051 1697 1103 M.
1718 1053 1768 1103 4.
1796 1057 1875 1112 ἑὲ,
1898 1051 2108 1105 octaua
2129 1053 2375 1118 Sphaera

173 1137 210 1174 a
238 1121 552 1185 Copernici
584 1119 1010 1172 Obseruatione
1041 1119 1367 1185 hucusque,
1400 1122 1715 1174 interuallo
1744 1119 2109 1192 Anno-nrum
2141 1125 2213 1177 61.
2244 1141 2373 1189 pro-

171 1198 334 1245 mota
359 1191 435 1243 est
460 1191 546 1243 M.
567 1191 653 1243 50.
682 1190 885 1255 Quare
904 1192 1099 1243 Annis
1119 1192 1204 1244 73.
1234 1192 1437 1256 (modo
1463 1208 1587 1244 non
1612 1195 2012 1258 paucioribus)
2039 1212 2224 1247 vnum
2250 1212 2374 1261 gra-

173 1264 316 1316 dum
344 1262 537 1314 nostro
566 1277 703 1314 aeuo
733 1261 982 1323 conficit,
1017 1278 1154 1315 cum
1184 1269 1386 1315 tamen
1416 1264 1798 1329 Coperniana
1827 1269 2164 1331 anticipatio
2195 1270 2373 1331 aequi-

173 1332 505 1387 nociiorum
532 1349 692 1385 nunc
720 1333 1095 1386 tardissimam
1123 1333 1244 1386 fere
1271 1335 1552 1387 Fixarum
1580 1340 2016 1400 promotionem
2043 1338 2374 1402 expostulet,

174 1409 255 1458 ita
281 1412 341 1457 vt
369 1407 629 1457 centenis
657 1404 842 1457 ferme
867 1406 1062 1457 Annis
1090 1408 1332 1458 vnicum
1359 1406 1608 1471 gradum
1637 1407 1958 1460 absoluant.
1990 1409 2150 1460 Hinc
2178 1411 2375 1473 itaque

173 1482 331 1542 patet
350 1483 640 1541 quantum
661 1476 1057 1541 Copernianis
1076 1480 1334 1529 inuentis
1356 1480 1508 1530 circa
1526 1478 2042 1543 AEquinoc'tiorum
2064 1482 2375 1544 praecessio-

175 1563 329 1609 nem,
360 1547 516 1600 vnde
548 1546 776 1601 octauae
808 1547 1073 1612 Sphaerae
1105 1555 1301 1600 motus
1334 1549 1654 1610 excusatur,
1689 1550 1771 1614 (vt
1802 1551 1874 1602 de
1907 1551 2042 1603 Sole
2073 1551 2125 1602 8(
2154 1555 2377 1603 caeteris

175 1634 334 1671 nunc
360 1618 511 1671 nihil
536 1618 750 1683 dicam)
778 1619 1196 1672 inhaerendum
1214 1619 1294 1681 fit,
1314 1627 1437 1672 vtvt
1456 1620 1803 1674 subtilissime
1824 1622 1897 1675 ab
1918 1622 2271 1674 Astronomo
2291 1626 2376 1674 in-

177 1690 558 1754 comparabili
591 1692 944 1756 excogitatis,
981 1690 1096 1743 Sed
1128 1694 1465 1756 apparentis
1496 1699 1692 1744 motus
1725 1691 1953 1745 octauae
1986 1693 2248 1758 Sphaerae
2281 1709 2375 1745 ex-

176 1760 366 1814 actam
387 1764 782 1827 cognitionem
800 1764 901 1814 vix
920 1761 1023 1814 vlli
1048 1763 1390 1815 mortalium
1417 1763 1675 1816 absolute
1701 1764 2172 1829 perscrutabilem
2196 1765 2375 1816 existi-

176 1848 293 1885 mo.
324 1832 628 1897 Siquidem
655 1833 886 1885 nullam
914 1833 1111 1886 adhuc
1140 1837 1427 1900 integram
1454 1835 1909 1887 Reuolutionem
1935 1836 2297 1900 adimplerat,
2326 1835 2378 1887 8(

175 1904 479 1969 particulae
500 1907 773 1957 circuitus
787 1920 825 1957 a
836 1904 1191 1957 Timochare
1205 1921 1309 1971 per
1323 1906 1756 1971 Hipparchum,
1778 1907 2179 1968 Ptolemaeum,
2200 1907 2376 1959 Alba-

176 1977 453 2040 tegnium,
475 1974 528 2027 8(
548 1975 950 2041 Copernicum
976 1977 1052 2029 ad
1078 1993 1188 2028 nos
1215 1975 1466 2029 diductae
1487 1993 1611 2029 non
1630 1978 1938 2039 sufficiunt,
1965 1994 2074 2030 nec
2093 1978 2134 2029 fi
2153 1978 2212 2030 id
2231 1994 2376 2042 prae-

176 2046 401 2108 starent,
427 2046 561 2099 satis
585 2046 914 2112 scrupulose
942 2048 1218 2100 constant.
1248 2048 1406 2101 Cum
1430 2052 1630 2113 itaque
1652 2065 1756 2114 per
1776 2050 2213 2114 Experientiam
2232 2065 2377 2114 prae-

178 2116 328 2171 dicto
347 2117 528 2170 modo
548 2121 889 2183 anticipatio
902 2118 1419 2184 AEquinoc’tiorum
1434 2123 1587 2172 circa
1605 2120 1735 2172 haec
1756 2127 2024 2186 tempora
2043 2123 2377 2180 innotuerit,

177 2188 347 2241 facile
377 2195 502 2242 erat
528 2197 759 2242 motum
786 2191 1293 2256 proportionalem
1322 2192 1396 2244 ab
1426 2191 1511 2244 82.
1539 2192 1720 2243 Anno
1751 2195 1814 2244 in
1839 2191 1999 2243 hunc
2023 2192 2118 2243 vel
2144 2192 2379 2256 quosuis

178 2259 328 2313 alios
352 2260 545 2313 nostra
569 2268 741 2314 aetate
766 2262 1099 2315 transferre.
1127 2263 1270 2315 Non
1297 2266 1457 2315 enim
1482 2266 1657 2315 vnius
1680 2263 1939 2315 hominis
1961 2279 2095 2315 aeuo
2117 2263 2380 2327 aliquam

177 2330 499 2384 sensibilem
526 2333 994 2398 inaequalitatem
1022 2333 1136 2387 hac
1161 2337 1224 2386 in
1249 2340 1414 2400 parte
1441 2338 1777 2400 contingere
1805 2334 2262 2386 consentaneum
2289 2334 2377 2386 est.

179 2402 520 2469 Congruere
548 2420 691 2457 vero
721 2407 1050 2457 etiamnum
1081 2405 1212 2458 haec
1240 2406 1372 2458 loca
1401 2405 1716 2458 Stellarum
1746 2406 2199 2459 Obseruationes
2228 2420 2379 2457 meae

177 2477 471 2539 praeterito
484 2476 684 2537 Ann0,
707 2475 759 2528 8(
778 2476 892 2528 1106
908 2476 1031 2541 ipso
1046 2477 1183 2529 inde
1199 2493 1236 2530 a
1248 2480 1538 2542 principio
1553 2478 1810 2543 Ianuarij
1828 2476 2011 2538 fac'tae,
2032 2476 2380 2528 sufficienter

179 2545 493 2599 declarant.
515 2546 694 2611 Quod
709 2563 852 2600 vero
866 2550 930 2600 in
942 2548 1008 2600 T.
1026 2548 1298 2601 Celfitud.
1319 2548 1781 2614 longitudinibus
1796 2548 2108 2601 Stellarum
2124 2548 2378 2600 Geome-

177 2619 333 2678 trice‚
346 2633 419 2669 ex
429 2619 963 2684 intercapedinibus
973 2619 1026 2671 8(
1034 2619 1545 2672 Declinationibus
1556 2623 1618 2671 in
1629 2635 1910 2671 numeros
1922 2617 2183 2679 redac'tiS,
2196 2621 2380 2683 quina

178 2687 274 2740 vel
290 2688 445 2750 sena,
472 2696 575 2742 aut
595 2693 835 2752 circiter,
855 2691 1242 2755 vtplurimum
1262 2691 1563 2743 abundent
1582 2690 1867 2755 scrupula,
1894 2690 2063 2742 facile
2088 2689 2377 2741 excusabi-

178 2765 288 2820 tur,
308 2759 350 2811 fi
369 2760 582 2813 constet
602 2761 949 2814 Celfitud.T.
971 2769 1111 2815 tunc
1131 2763 1263 2815 loco
1284 2762 1452 2822 Solis,
1473 2765 1536 2813 in
1555 2761 1648 2813 his
1668 2762 2004 2822 limitandiS‚
2025 2760 2185 2812 vsam
2204 2760 2377 2820 fuisse‚

180 2845 315 2882 cum
348 2831 449 2883 Sol
478 2832 803 2885 versaretur
835 2836 990 2886 circa
1020 2849 1274 2886 vernum
1301 2831 1763 2898 AEquinoctium,
1797 2835 1860 2884 in
1891 2839 2054 2897 parte
2085 2832 2378 2896 Eclipticae

179 2900 539 2955 ascendente.
567 2903 690 2956 Illic
711 2907 871 2956 enim
890 2908 1120 2957 ratione
1146 2905 1304 2957 illius
1323 2907 1479 2956 vnici
1498 2904 1767 2968 scrupuli,
1795 2904 1954 2968 quod
1980 2902 2380 2967 perpendiculi

179 2975 321 3025 vitio
336 2974 697 3035 causabatur,
712 2976 1048 3028 Declinatio
1061 2976 1212 3029 Solis
1226 2976 1379 3028 binis
1392 2975 1673 3040 scrupulis
1686 2975 2002 3035 sublimior,
2018 2989 2199 3038 quam
2211 2989 2378 3037 opor-

179 3046 302 3106 tuit,
332 3045 698 3107 reddebatur,
729 3047 982 3112 ideoque
1011 3047 1178 3100 locus
1207 3051 1334 3100 eius
1364 3050 1560 3111 quinis
1586 3049 1650 3098 in
1674 3046 2101 3111 longitudinem
2126 3045 2378 3096 vlterior.

180 3114 246 3167 Id
265 3117 424 3180 quod
445 3119 623 3170 etiam
642 3121 707 3170 in
726 3118 935 3171 Stellas
954 3119 1105 3171 fixas
1126 3119 1201 3171 ad
1222 3119 1374 3171 Solis
1395 3118 1594 3170 locum
1615 3118 1936 3182 adaptatas‚
1964 3117 2273 3168 necessario
2294 3131 2379 3167 re-

180 3186 485 3248 dundauit,
511 3188 645 3241 licet
670 3192 825 3242 circa
842 3190 1209 3242 Autumnale
1239 3187 1662 3254 aequinoc'tium
1688 3191 1751 3240 in
1775 3195 1938 3252 parte
1965 3187 2258 3252 Eclipticae
2285 3187 2379 3238 de-

180 3256 503 3320 scendente,
521 3275 615 3312 res
628 3259 758 3313 haec
774 3264 1068 3314 contrario
1082 3261 1262 3313 modo
1277 3261 1332 3312 se
1347 3260 1577 3312 habeat.
1588 3260 1662 3311 Vt
1674 3275 1816 3311 vero
1827 3259 2120 3311 Celfitudo
2128 3258 2193 3309 T.
2205 3260 2381 3309 etiam

180 3330 244 3380 in
263 3333 487 3382 caeteris
507 3334 766 3384 erraticis
780 3332 972 3385 Stellis
986 3332 1229 3397 aliquod
1242 3332 1534 3397 specimen
1547 3331 1875 3383 nostrarum
1890 3329 2381 3382 obseruationum

180 3400 390 3460 videat,
412 3402 671 3468 adiungo
691 3406 964 3455 omnium
980 3419 1122 3456 vera
1141 3403 1289 3463 loca,
1311 3402 1513 3467 qualia
1532 3405 1678 3454 meis
1694 3402 2090 3453 Instrumentis
2110 3405 2382 3452 accurata

326 3482 368 3517 ¹⁰
1873 3470 2380 3524 animaduerfione
