2748 4204
428 314 517 365 160
609 286 612 287 ⁷
775 306 2232 362 EP1ST0LARUMAsTRoNoMmARUM

425 452 601 502 latere
615 453 676 499 in
691 449 931 506 Natura,
954 461 1130 509 quam
1150 448 1211 496 in
1230 445 1399 497 sacris
1417 445 1595 497 literis
1613 445 1675 495 lit
1694 444 1967 496 reuelata.
1989 444 2057 495 In
2071 444 2298 496 Natura
2313 445 2463 496 dico:
2484 445 2574 497 De

426 519 686 583 mysterio
707 519 862 567 enim
882 515 1286 573 RedemtioniS,
1314 515 1470 578 quod
1494 517 1724 578 proprie
1749 512 1990 565 tractant
2008 513 2182 565 sacrae
2203 513 2401 573 literae,
2428 514 2480 564 &
2505 515 2575 566 de

427 590 714 652 agnitione
728 588 849 636 veri
864 585 991 642 Dei,
1014 587 1131 634 iam
1145 599 1266 634 non
1279 583 1503 646 loquor.
1526 584 1611 634 Ita
1623 583 1944 634 authoritas
1957 582 2248 634 sacrarum
2262 583 2574 643 literarum,

426 670 762 720 quanquam
793 654 1111 705 admodum
1141 652 1509 715 plaufibiliter
1539 651 1878 715 proferatur,
1910 658 2107 703 tamen
2137 667 2344 704 reuera
2373 655 2435 703 in
2465 652 2575 704 hac

424 727 664 776 materia
693 723 908 774 obstare
938 721 1083 772 nihil
1112 724 1354 772 omnino
1382 724 1603 784 poterit,
1632 721 1726 772 sed
1753 727 1979 772 tantum
2006 720 2263 781 sciemuS,
2293 729 2576 785 quantum

424 811 524 858 per
555 792 1084 844 Demonstrationes
1117 790 1563 841 Mathematicas
1594 793 1945 841 inuenimuS.
1979 790 2090 841 Etfi
2120 797 2316 842 autem
2349 791 2575 842 Gellius

425 863 739 916 Sascerides
764 861 969 919 aiebat,
996 867 1050 911 te
1075 860 1289 925 habere
1308 866 1426 910 tuae
1447 860 1756 910 assertionis
1776 859 2307 911 Demonstrationes
2327 860 2575 912 Geome-

424 936 612 984 tricas:
633 932 857 982 Tamen
876 930 988 980 hoc
1003 944 1107 993 ego
1122 937 1274 980 certa
1289 930 1358 979 de
1374 929 1543 980 causa
1556 931 1654 979 vix
1668 929 2022 980 crediderim.
2043 929 2184 980 Non
2196 936 2393 982 tamen
2408 945 2575 994 prop-

423 1011 578 1054 terea
604 999 965 1065 Hypotheses
993 999 1402 1062 Copernicaeas
1430 997 1771 1049 discentibus
1798 998 2207 1062 proponendas
2238 1000 2339 1050 esse
2367 1000 2574 1059 iudic0‚

425 1087 555 1123 cum
584 1086 669 1122 eae
698 1073 794 1120 vix
823 1070 895 1120 ab
924 1068 1256 1119 Artificibus
1287 1070 1693 1131 percipiantur,
1724 1074 1783 1118 vt
1814 1083 1921 1118 nec
1950 1067 2314 1120 Maesthlinus
2342 1069 2576 1132 quidem

423 1148 647 1192 motum
665 1140 983 1190 librationis
1002 1141 1063 1188 in
1084 1137 1506 1188 Latitudinibus
1526 1136 1578 1187 &
1598 1136 1933 1200 obliquitate
1948 1137 2185 1189 Zodiaci
2204 1136 2353 1190 rec'te
2372 1138 2575 1190 intelli-

423 1214 518 1275 git:
549 1210 660 1262 Sed
690 1224 804 1267 eas,
834 1223 966 1272 quae
995 1207 1099 1258 lint
1127 1209 1392 1258 omnium
1420 1206 1706 1266 facilimae,
1733 1213 1791 1258 vt
1817 1207 2166 1270 pedetentim
2191 1209 2432 1259 accessus
2457 1208 2531 1260 ad
2556 1203 2576 1275 ΙΙ

425 1281 813 1343 Copernicum
844 1279 1148 1340 aperiatur.
1186 1276 1554 1340 Quapropter
1583 1276 1699 1339 ipse
1732 1291 1965 1340 quoque
1997 1279 2057 1327 in
2090 1276 2402 1329 Elementis
2432 1279 2577 1329 meis

424 1349 831 1400 Astronomicis
859 1347 1210 1411 superiorem
1237 1346 1399 1397 illam
1427 1346 1815 1397 inuerfionem
1845 1349 2115 1409 expunxi,
2144 1346 2195 1397 δι
2221 1347 2578 1399 Eccentricos

423 1423 483 1470 in
512 1425 706 1469 centro
735 1416 933 1468 mobili
961 1416 1225 1475 substitui,
1252 1422 1310 1466 vt
1335 1415 1609 1467 discentes
1635 1416 2031 1480 Apogaeorum
2059 1423 2252 1467 motus
2278 1416 2329 1467 &
2353 1416 2483 1468 loca
2507 1431 2578 1468 eo

422 1488 645 1539 facilius
670 1487 984 1550 intelligere
1010 1486 1237 1549 possem,
1266 1485 1316 1535 81
1342 1485 1537 1536 addito
1563 1487 1625 1536 in
1650 1485 1901 1536 Planetis
1927 1485 2196 1550 Epicyclo
2222 1484 2577 1545 direc‘tiones,

421 1558 685 1609 Rationes
698 1556 748 1607 &
759 1557 1120 1620 regressiones
1133 1570 1203 1606 eo
1217 1554 1421 1606 fierent
1434 1554 1863 1613 manifestiores,
1878 1570 1985 1606 nec
1999 1558 2174 1606 etiam
2184 1555 2579 1607 Latitudinum

422 1630 567 1678 ratio
587 1627 735 1677 adeo
756 1627 881 1677 esset
900 1625 1139 1676 obscura
1159 1624 1210 1675 &
1230 1627 1509 1676 intricata.
1531 1625 1623 1676 Ne
1643 1631 1840 1676 tamen
1860 1625 2097 1676 deessem
2110 1625 2413 1689 ingeniolis
2428 1625 2479 1676 81
2491 1627 2577 1690 ijs,

423 1699 522 1760 qui
547 1699 664 1747 iam
689 1710 1028 1747 communes
1047 1700 1317 1745 motuum
1335 1694 1688 1758 singulorum
1706 1694 1923 1746 formas
1935 1694 2322 1759 >intelligerent
2340 1701 2440 1747 aut
2458 1696 2578 1746 Au-

421 1773 639 1817 tomata
657 1765 936 1817 fabricare
955 1764 1189 1816 vellent:
1216 1765 1310 1816 Ad
1330 1763 1509 1815 finem
1534 1779 1639 1828 pro
1661 1763 1989 1816 Corollario
2010 1779 2158 1824 eam,
2185 1765 2255 1816 de
2275 1780 2393 1829 qua
2410 1765 2580 1829 supra

422 1836 554 1895 dixi,
582 1836 891 1899 Copernici
911 1834 1304 1886 Inuerfionem
1323 1834 1549 1894 subieci,
1575 1840 1635 1885 vt
1655 1836 1736 1886 ita
1755 1833 2028 1885 discentes
2048 1834 2123 1886 ad
2143 1834 2452 1898 Copernici
2470 1834 2578 1886 lec·

421 1909 639 1957 tionem
660 1905 711 1956 8(
730 1904 1048 1956 faciliorem
1067 1904 1503 1968 intelligentiam
1522 1919 1930 1968 praepararem.
1958 1904 2069 1955 Sed
2093 1903 2329 1956 fortassis
2352 1904 2483 1968 plus
2509 1904 2579 1956 de

422 1976 531 2027 hac
549 1978 792 2027 materia
812 1990 990 2038 quam
1009 1974 1089 2025 sat
1109 1980 1251 2025 erat:
1273 1974 1347 2025 ad
1361 1974 1480 2025 alia
1491 1976 1676 2038 igitur.
1698 1973 1872 2036 Quod
1885 1973 1986 2025 sub
1999 1973 2178 2025 finem
2191 1973 2579 2026 Roeslinianae

421 2045 780 2097 refutationis
800 2045 1107 2103 arbitrariS‚
1128 2046 1434 2095 minimam
1452 2043 1943 2095 Eccentricitatem
1960 2043 2108 2096 Solis
2127 2043 2406 2108 tranfijsse,
2426 2044 2580 2096 idem

423 2115 474 2166 ἀ
499 2130 605 2179 ego
630 2115 826 2166 statuo,
855 2114 1060 2165 Refero
1087 2116 1243 2165 enim
1268 2116 1575 2165 minimam
1600 2113 2091 2164 Eccentricitatem
2113 2113 2164 2164 &
2183 2113 2581 2177 obliquitatem

422 2185 570 2236 Solis
597 2186 670 2236 ad
696 2183 1100 2236 Purbachium.
1131 2184 1256 2234 Nec
1285 2183 1555 2234 Rheticus
1585 2198 1819 2247 quoque
1848 2183 2174 2234 audiendus
2202 2182 2291 2242 est,
2321 2185 2421 2247 qui
2447 2198 2579 2234 cum

421 2254 830 2318 Albategnium
855 2257 1029 2305 nimis
1053 2253 1230 2305 libere
1258 2253 1415 2305 abuti
1440 2253 1718 2318 mysterijs
1736 2252 2074 2317 Astrologiae
2098 2252 2314 2312 scribat,
2340 2256 2403 2304 in
2427 2252 2581 2304 idem

421 2327 625 2375 vitium
651 2323 745 2375 hic
771 2324 885 2387 ipse
911 2325 1163 2374 incurrit.
1193 2322 1507 2385 Quomodo
1528 2325 1686 2374 enim
1704 2325 1949 2374 mutatio
1970 2323 2413 2374 Eccentricitatis
2433 2322 2580 2374 Solis

420 2396 802 2445 mutationem
821 2396 1199 2457 imperiorum
1220 2392 1446 2444 efficere
1466 2391 1676 2456 potest?
1696 2393 1821 2443 Nec
1834 2391 1892 2443 id
1907 2407 2141 2456 quoque
2154 2391 2355 2443 iniuste
2371 2406 2579 2456 reprae-

421 2463 643 2523 hendis,
665 2464 821 2527 quod
842 2463 1232 2514 PHILIPPVS
1247 2461 1883 2514 MELANCHTHON
1905 2464 2125 2526 primus
2145 2462 2476 2522 introduxit,
2496 2464 2579 2512 ni-

421 2536 633 2585 mirum
648 2533 843 2585 Solem
861 2536 981 2584 iam
993 2532 1190 2584 Terrae
1209 2530 1424 2584 fac'tum
1445 2533 1546 2583 esse
1565 2534 1912 2596 propiorem,
1934 2532 2064 2583 licet
2084 2534 2259 2583 etiam
2274 2531 2580 2583 Cardanus

421 2603 514 2655 lib.
535 2604 584 2654 3.
604 2603 975 2654 subtilitatum
994 2603 1149 2654 idem
1170 2617 1411 2653 erronee
1430 2602 1647 2653 statuat.
1677 2602 1802 2652 Nec
1822 2604 1980 2652 enim
1998 2601 2307 2664 Copernici
2325 2607 2580 2652 mentem

420 2676 481 2723 in
500 2673 610 2724 hac
630 2688 691 2724 re
710 2672 837 2724 sunt
857 2674 1095 2724 assecuti.
1116 2671 1199 2723 Te
1220 2687 1455 2736 quoque
1468 2672 1638 2736 longe
1653 2670 2000 2723 exactiorem
2014 2670 2376 2736 Hypothefin
2388 2677 2580 2722 motus

423 2743 682 2794 Cometae
709 2745 974 2794 inuenire
1000 2743 1232 2806 potuisse
1257 2757 1379 2793 non
1404 2742 1620 2800 dubito,
1648 2756 1781 2792 cum
1799 2740 2232 2805 proportionale
2252 2740 2578 2792 decremen-

420 2821 543 2863 tum
562 2813 733 2877 ipfius
752 2819 944 2863 motus
964 2812 1094 2863 satis
1111 2819 1329 2876 arguat,
1350 2827 1422 2863 ex
1436 2811 1809 2862 circularibus
1823 2810 2007 2874 ipsum
2022 2809 2397 2874 compositum
2409 2809 2578 2861 fuisse.

421 2882 817 2933 Veruntamen
837 2882 1200 2947 Hypotheses
1221 2881 1601 2933 Cometarum
1627 2880 1962 2932 constituere
1987 2879 2216 2944 prorsus
2240 2879 2578 2943 superuaca-

422 2967 600 3002 neum
627 2951 835 3011 iudico,
866 2967 999 3003 curn
1027 2952 1225 3002 nullus
1252 2950 1561 3003 Periodum
1589 2949 1864 3009 absoluat,
1894 2964 2001 3001 nec
2030 2952 2204 3001 etiam
2228 2949 2346 3001 vlla
2370 2949 2580 3000 vtilitas

421 3021 555 3072 inde
574 3021 898 3072 redundare
917 3022 1088 3084 possit.
1111 3020 1480 3085 Quapropter
1499 3020 1549 3071 &
1568 3023 1630 3072 in
1648 3034 1782 3071 meo
1802 3019 2004 3083 scripto
2024 3018 2427 3084 Hypotheseos
2447 3033 2578 3070 con-

421 3090 766 3141 stitutionem
786 3091 962 3142 omisi.
984 3090 1103 3154 Ipse
1123 3091 1290 3142 illum
1311 3091 1634 3150 Cometam,
1656 3090 1725 3141 de
1746 3105 1864 3153 quo
1883 3092 1946 3140 in
1963 3089 2064 3140 illo
2081 3088 2270 3140 Tomo
2289 3091 2426 3152 agis,
2447 3103 2578 3140 con-

421 3160 575 3224 spexi
589 3160 907 3224 Bernburgi
926 3161 996 3211 10.
1013 3160 1303 3212 Nouemb.
1318 3175 1436 3212 vna
1450 3175 1583 3211 cum
1597 3160 1818 3211 Ioanne
1831 3158 2238 3210 Troldenirero
2252 3159 2390 3209 Arci
2403 3157 2578 3210 Bern-

420 3230 670 3294 burgicae
689 3237 826 3280 tunc
844 3232 1119 3293 temporis
1137 3229 1424 3294 praefecte,
1445 3245 1482 3282 a
1502 3245 1620 3293 quo
1640 3229 1714 3280 ad
1735 3231 2077 3280 conuiuium
2091 3227 2406 3279 Martinale
2421 3242 2580 3279 eram

421 3301 719 3357 inuitatus:
742 3299 1011 3351 omnibus
1027 3299 1342 3363 Bernburgi
1361 3299 1754 3351 habitantibus
1773 3313 1843 3350 eo
1861 3298 1953 3350 die
1970 3299 2251 3362 apparuit.
2273 3297 2407 3349 Erat
2424 3299 2580 3416 εηξῐὲ

2503 3383 2522 3416 ι
2561 3381 2580 3416 1

2630 1085 2670 1118 10

2612 1285 2686 1328 131

2631 1432 2670 1466 1⁵

2629 2128 2672 2162 25

2628 2186 2655 2227 5.

2629 2825 2672 2859 35
