2730 4212
376 279 478 329 330
722 270 1323 324 EPISTOLARUM
1349 269 2180 322 ASTRONOMICARUM

374 415 642 467 derandae
663 413 802 462 sunt.
826 411 984 472 Quin
1003 423 1110 459 nec
1129 408 1242 458 suis
1261 408 1790 459 semiconterraneis
1809 410 2004 471 parcit,
2025 415 2088 458 ut
2107 423 2384 468 amorem,
2405 424 2523 472 quo

374 484 637 535 Eruditos
657 480 932 543 quosdam
952 481 1013 528 in
1027 477 1239 540 Anglia
1257 477 1631 540 prosequitur,
1652 478 1849 541 palam
1867 477 2054 528 faciat.
2076 477 2522 529 IOHANNEM

373 553 524 603 DEE
562 549 1070 601 Praestantissimum
1108 546 1591 597 Mathematicum
1629 547 1679 597 &
1716 546 2129 609 Philosophum
2170 546 2369 609 (quem
2404 554 2523 598 tute

372 622 526 680 nosti,
557 634 688 670 cum
713 634 748 669 a
774 617 1158 679 Landtgravio
1189 615 1509 666 honorifice
1539 615 1915 679 exciperetur)
1948 618 2010 665 in
2039 615 2141 666 suo
2167 616 2394 667 Nucleo
2420 617 2522 668 Pa-

370 690 642 747 rallatico,
674 691 735 737 in
766 687 890 736 sinu
917 686 1141 736 semissis
1169 685 1379 748 gradus
1407 688 1754 748 principium
1785 691 1994 748 petere,
2026 684 2169 736 salse
2201 686 2521 748 exprobrat.
2573 705 2594 738 5

369 757 685 809 THOMAE
711 754 1109 806 DIGGAESEI
1141 754 1265 805 alas
1295 754 1592 805 falconum
1622 755 1808 813 instar,
1841 752 2064 805 remoto
2097 755 2387 815 advolatu‚
2419 759 2522 806 im-

368 828 605 878 mobilia
633 825 1029 876 Phaenomena
1057 825 1421 886 assequentes,
1450 826 1520 888 ijs
1548 824 1677 886 ipfis
1702 823 1892 874 verbis
1919 823 2159 888 scoptice
2186 827 2407 887 excipit.
2439 825 2524 876 Ex

368 897 574 960 quibus
595 896 863 946 omnibus
878 894 1104 956 Naenijs
1124 893 1359 943 tandem
1379 895 1458 944 ita
1478 893 1782 953 concludit,
1802 900 1865 944 ut
1883 909 2005 944 uno
2024 893 2201 944 verbo
2222 897 2422 945 omnia
2441 894 2522 945 di-

368 974 471 1026 cat,
492 966 588 1016 seu
608 967 796 1028 potius
816 963 1013 1026 fingat:
1036 963 1192 1013 Illud
1202 961 1425 1013 mirum
1439 963 1896 1014 Phaenomenon
1911 977 2129 1015 omnes
2145 965 2272 1015 tum
2285 964 2521 1016 Mathe-

367 1035 625 1087 maticos
638 1032 719 1098 sic
739 1031 917 1097 elusit,
947 1034 1013 1083 ut
1028 1029 1138 1095 nifi
1151 1029 1608 1097 recognoscant,
1636 1035 2106 1097 recoquantque,
2131 1035 2256 1084 tum
2278 1034 2519 1085 demon·
2573 1053 2613 1086 10

358 1102 568 1168 strasse,
593 1105 752 1169 quod
768 1102 878 1163 aiS‚
902 1101 1105 1153 dicere
1124 1103 1448 1166 nequeant.
1470 1102 1539 1152 Et
1559 1117 1692 1153 cum
1711 1116 1786 1152 ne
1805 1102 1877 1153 fic
1892 1103 2129 1165 quidem
2141 1102 2240 1154 fibi
2253 1102 2354 1165 ipfi
2367 1102 2520 1154 satis-

365 1174 540 1225 fecisse
569 1174 845 1230 videatur,
875 1172 1109 1222 tandem
1138 1171 1212 1221 ad
1241 1171 1513 1234 adagium
1542 1171 1838 1234 quoddam
1865 1171 1949 1222 sui
1977 1172 2365 1235 Praeceptoris,
2398 1178 2521 1224 tan-

366 1259 543 1307 quam
562 1244 635 1294 ad
654 1243 873 1293 sacram
893 1240 1211 1292 anchoram
1233 1240 1506 1304 confugit:
1537 1242 1669 1292 Vna
1693 1240 1956 1293 hirundo
1977 1255 2100 1292 non
2120 1240 2275 1293 facit
2292 1256 2425 1294 uer:
2449 1242 2522 1294 Vt

364 1314 456 1364 vel
475 1316 536 1363 in
556 1311 799 1375 dicterijs
819 1310 1186 1361 Aristotelicis
1206 1310 1563 1372 probationis
1582 1314 1703 1361 vim
1721 1310 1916 1371 latere,
1943 1311 2109 1362 nobis
2135 1314 2412 1375 imponat.
2440 1312 2522 1363 Sit

363 1383 511 1442 sane,
534 1382 688 1446 quod
709 1396 828 1431 una
848 1380 1099 1431 hirundo
1120 1395 1241 1430 non
1259 1379 1430 1431 faciat
1449 1396 1566 1438 ver,
1595 1380 1646 1430 8(
1670 1380 1811 1431 talia
1829 1383 1891 1431 in
1909 1380 2184 1432 similibus
2202 1381 2398 1432 locum
2416 1381 2517 1433 ha·
2572 1400 2612 1434 15

363 1453 553 1503 beant:
581 1453 658 1501 At
683 1466 803 1501 una
828 1450 1144 1513 aliquando
1164 1449 1321 1500 stella
1340 1453 1401 1500 in
1421 1450 1679 1501 altissimo
1701 1450 1866 1502 Caelo
1885 1450 2019 1510 visa,
2047 1466 2179 1514 quae
2205 1451 2396 1514 postea
2417 1452 2518 1502 esse

363 1522 532 1585 delijt,
552 1521 780 1572 Caelum
795 1534 1223 1582 nonnunquam
1237 1534 1393 1570 nova
1406 1520 1705 1571 admittere
1720 1535 1979 1583 corpora,
2001 1535 2134 1583 quae
2147 1523 2401 1572 interitui
2414 1520 2517 1572 fint

362 1591 630 1649 obnoxia,
652 1591 953 1640 necessario
974 1592 1282 1640 convincit:
1303 1590 1487 1649 Adeo,
1508 1596 1571 1640 ut
1584 1590 1698 1654 ipse
1712 1590 2056 1650 AristoteleS,
2077 1590 2117 1640 fi
2130 1590 2401 1654 superstes
2413 1605 2516 1641 no-

361 1677 495 1712 vam
520 1661 681 1711 illam
701 1659 937 1711 Stellam
963 1674 1034 1709 ex
1059 1659 1316 1710 altissimo
1336 1659 1573 1710 AEthere
1594 1660 1760 1711 nobis
1785 1659 2036 1720 illuxisse,
2064 1659 2115 1710 8(
2138 1660 2374 1711 tandem
2397 1660 2516 1724 post

361 1746 598 1790 annum,
619 1731 711 1781 vel
731 1729 908 1793 paulo
922 1728 1173 1792 amplius
1187 1729 1433 1792 conspici
1447 1729 1668 1793 defijsse,
1688 1729 2189 1789 animaduertisset;
2210 1745 2284 1780 ne
2303 1730 2516 1781 hiscere
2565 1748 2609 1782 20

362 1801 594 1863 quidem
620 1806 818 1850 contra
843 1805 961 1850 tam
988 1799 1313 1850 evidentem
1339 1802 1755 1863 experientiam
1780 1799 1951 1851 ausus
1979 1799 2176 1850 fuisseti
2205 1799 2299 1850 sed
2326 1802 2517 1863 potius

359 1870 524 1921 suum
544 1870 613 1920 de
636 1869 962 1920 Caelestium
982 1869 1210 1920 Natura
1235 1868 1681 1932 philosophandi
1705 1869 1946 1920 modum
1971 1869 2107 1920 hinc
2129 1869 2376 1921 totaliter
2395 1885 2515 1921 cor-

359 1941 592 1990 rexisset:
623 1940 778 2002 quod
805 1938 855 1989 8(
881 1938 1046 1989 multi
1073 1938 1168 2002 alij
1199 1941 1391 2003 eximij
1421 1939 1760 1990 Aristotelici
1785 1939 1921 1990 hinc
1947 1938 2130 1991 edocti
2154 1939 2515 2002 postmodum

359 2009 563 2068 fecere;
580 2009 690 2059 hoc
704 2009 873 2060 Scoto
887 2023 1035 2071 pene
1049 2008 1168 2059 solo
1182 2011 1244 2059 in
1257 2008 1431 2060 semel
1444 2015 1690 2073 arrepto,
1706 2009 1757 2060 8(
1771 2009 2113 2061 confirmato
2129 2011 2337 2060 erroris
2351 2024 2515 2060 caeno

358 2079 411 2130 se
432 2079 621 2130 adhuc
641 2079 951 2138 volutante,
973 2094 1040 2130 ac
1059 2078 1478 2142 perseverante:
1501 2082 1601 2143 qui
1616 2079 1667 2130 8(
1679 2081 1887 2130 veteris
1900 2079 2055 2130 illius
2070 2079 2395 2143 Hipparchi
2414 2094 2514 2130 au·
2563 2097 2608 2131 25

355 2149 684 2200 thoritatem
705 2148 755 2199 8(
777 2151 1192 2212 experientiam
1212 2155 1580 2200 contemnere
1600 2149 1740 2200 ludo
1761 2149 1935 2208 ducit;
1957 2144 1977 2216 ΙΙ
1998 2149 2138 2200 dum
2162 2149 2233 2200 110
2260 2151 2359 2200 ait:
2385 2149 2516 2200 Nee
2546 2159 2632 2201 299

355 2218 637 2269 Pliniana
662 2218 939 2270 narratio
964 2215 1047 2282 eft
1068 2218 1328 2270 alterius
1346 2216 1817 2282 Demonstratio:
1842 2219 2001 2282 quafi
2019 2218 2113 2270 vel
2132 2218 2351 2270 Plinius
2375 2218 2515 2270 falsa

356 2289 424 2339 de
447 2288 786 2351 Hipparcho
808 2289 1033 2348 dixerit;
1060 2288 1154 2339 vel
1174 2288 1269 2339 ille
1289 2291 1438 2340 inter
1456 2295 1677 2340 veteres
1698 2288 1919 2348 StellaS,
1947 2303 2092 2352 quas
2111 2288 2290 2340 ferme
2311 2303 2515 2340 omnes

354 2358 465 2408 suis
494 2359 739 2422 Organis
768 2358 1070 2409 demensus
1101 2358 1189 2418 est,
1220 2365 1393 2422 atque
1421 2374 1640 2410 novam
1668 2359 1927 2422 aliquam
1953 2361 2015 2409 in
2042 2358 2206 2410 Caelo
2234 2358 2346 2409 suis
2373 2365 2512 2410 tem-

354 2429 587 2491 poribus
603 2435 834 2479 enatam
849 2428 1164 2479 discernere
1175 2431 1514 2492 nequiverit.
1530 2429 1815 2480 Facessant
1825 2428 1940 2479 istae
1951 2428 2511 2480 insolentiae.Verum
2561 2445 2607 2480 30

354 2501 491 2560 quia
506 2501 566 2548 in
579 2501 766 2561 primo
782 2498 969 2549 nostro
983 2498 1171 2550 Tomo
1185 2499 1758 2563 Progymnasmatum
1772 2498 2305 2550 Astronomicorum
2319 2498 2388 2549 de
2403 2497 2513 2550 hac

351 2567 506 2618 stella
525 2568 859 2628 luculenter,
882 2568 933 2619 8(
954 2584 1024 2619 ex
1043 2568 1281 2631 professo
1302 2572 1538 2633 egimuS‚
1561 2584 1808 2632 eamque
1826 2571 1888 2619 in
1904 2568 2161 2620 altissimo
2175 2567 2413 2619 AEthere
2427 2567 2511 2619 ul-

350 2644 437 2688 tra
451 2653 673 2688 annum
688 2639 929 2696 extitisse‚
945 2638 995 2689 8(
1009 2638 1245 2689 tandem
1260 2638 1596 2702 disparuisse‚
1610 2639 1967 2703 liquidissime
1982 2638 2511 2698 demonstravimuS,

351 2710 429 2757 ita
449 2715 510 2758 ut
530 2708 726 2758 nullus
740 2708 801 2759 s1t
814 2708 1262 2772 tergiversationi
1275 2709 1459 2768 locus;
1482 2708 1532 2759 8(
1551 2708 1718 2760 simul
1731 2708 1982 2760 aliorum
1995 2723 2100 2772 pro
2115 2707 2166 2759 8(
2179 2714 2380 2759 contra
2391 2707 2511 2761 sen-

351 2780 556 2828 tentias
577 2777 807 2828 abunde
828 2778 1266 2841 disquifivimus;
1293 2785 1356 2829 ut
1375 2779 1510 2830 inde
1529 2778 1659 2830 satis
1679 2778 1961 2842 superque
1980 2784 2188 2842 pateat,
2215 2792 2394 2841 quam
2415 2778 2511 2829 ab·
2560 2794 2604 2828 35

353 2846 520 2897 surda
550 2847 600 2897 8(
628 2847 835 2898 insulsa
863 2848 982 2907 fint,
1013 2848 1064 2898 8(
1093 2848 1165 2899 ab
1194 2848 1313 2912 ipsa
1340 2851 1579 2900 veritate
1608 2848 1957 2908 alienissima,
1987 2863 2120 2912 quae
2149 2847 2261 2899 hoc
2285 2847 2415 2899 loco
2441 2847 2511 2898 de

353 2915 507 2967 stella
533 2917 632 2967 illa
658 2920 910 2981 congerit
935 2918 1029 2968 hic
1054 2918 1445 2969 Aristoteleus:
1475 2919 1668 2982 Atque
1695 2919 1903 2969 exinde
1928 2921 1990 2969 in
2015 2920 2234 2969 caeteris
2261 2932 2511 2981 quoque,

355 3001 531 3048 quam
551 3002 727 3037 verax
747 2987 823 3045 fit,
844 2994 1124 3051 tanquam
1146 3003 1217 3038 ex
1236 3003 1430 3052 ungue
1450 2989 1710 3040 Leonem
1730 2988 2066 3052 cognoscere
2085 2988 2274 3039 liceat:
2295 2987 2511 3038 Idcirco

355 3059 797 3118 operaepretium
817 3072 937 3107 non
957 3058 1104 3108 duco
1124 3058 1384 3120 pluribus
1398 3058 1526 3109 haec
1539 3058 1815 3118 refellere,
1837 3057 1888 3109 8(
1909 3073 2112 3109 eorum
2125 3056 2511 3108 insufficienti-

354 3140 450 3175 am
476 3125 876 3177 demonstrare.
905 3126 1064 3189 Quin
1091 3127 1141 3178 8(
1167 3128 1307 3179 dum
1332 3131 1491 3179 varie
1515 3129 1585 3179 de
1607 3128 1866 3180 Cometis
1890 3127 2082 3191 postea
2105 3127 2433 3186 bacchatur,
2460 3126 2511 3178 8(
2559 3142 2605 3176 4ο

319 3212 325 3218 ’
353 3201 407 3244 te
427 3209 660 3258 quoque
683 3203 874 3258 petere
894 3197 1134 3256 videtur,
1162 3198 1302 3248 dum
1323 3198 1545 3249 Ironice
1565 3200 1665 3249 ait:
1693 3213 1793 3249 eos
1814 3200 1989 3249 etiam
2007 3197 2177 3261 supra
2196 3197 2509 3249 Saturnum

353 3264 536 3315 evehi.
560 3265 626 3315 Et
641 3280 750 3324 me,
772 3268 910 3328 quia
924 3281 995 3317 ex
1009 3267 1125 3318 alia
1140 3266 1468 3318 Caelestium
1483 3268 1726 3327 Natura,
1742 3282 1919 3331 quam
1933 3270 2154 3331 putavit
2167 3265 2511 3387 Aristgteles3

2286 3351 2316 3387 e
2359 3351 2512 3387 oceri
