2748 4204
423 317 512 369 158
770 309 1369 364 EPISTOLARUM
1396 308 2226 362 ASTRONOMICARUM

423 454 641 506 eaedem
660 452 778 511 lint,
800 456 951 501 certo
971 448 1108 499 scire
1128 462 1248 499 non
1267 448 1498 511 possum.
1521 447 1695 510 Quod
1711 455 1906 499 tamen
1922 447 2220 509 existimas,
2241 449 2568 513 generalem

420 524 580 575 illam
600 520 971 584 Sphaerarum
990 516 1411 580 dispositionem
1431 532 1547 580 quo
1567 516 1892 581 diligentius
1911 517 2267 581 perspexero,
2295 533 2365 569 eo
2387 522 2568 583 magis

419 592 563 643 mihi
588 591 948 653 placituram;
975 586 1115 637 scias
1140 585 1482 637 iamdudum
1507 586 1652 636 mihi
1676 586 1905 649 prorsus
1931 590 2283 638 contrarium
2302 588 2567 649 accidisse‚

420 661 489 712 de
515 674 632 723 quo
659 660 832 709 etiam
855 671 987 707 cum
1008 655 1384 706 Eruditissimo
1404 655 1544 706 Viro
1566 655 1761 707 Gellio
1782 655 2084 707 Sasceride.
2114 656 2249 719 Quo
2270 660 2427 708 enim
2446 658 2567 709 diu-

418 732 529 781 tius
550 743 680 779 eam
700 725 1008 784 confidero,
1030 739 1100 775 eo
1117 727 1312 774 minus
1325 724 1471 774 mihi
1483 724 1683 788 placet.
1706 724 1815 775 Etsi
1830 727 1987 775 enim
2001 725 2252 785 ostendit,
2274 728 2569 790 quomodo

418 797 729 850 secundum
748 795 1006 846 medium
1024 799 1250 844 motum
1267 793 1415 844 Solis
1434 794 1688 844 Planetae
1707 794 2026 857 superiores
2046 793 2241 847 directi
2259 796 2566 862 stationarij

419 873 517 919 aut
530 865 843 929 retrogradi
856 864 1188 915 reddantur:
1204 869 1401 914 tamen
1416 862 1594 925 (quod
1609 866 1783 914 etiam
1796 864 2147 916 Ptolemaica
2159 865 2332 928 facit,)
2345 871 2570 917 tantum

420 937 653 988 ostendit
685 935 841 998 quod
872 933 943 984 fic
975 932 1132 992 fiant,
1166 947 1286 983 non
1319 947 1498 995 quare
1526 932 1597 983 fic
1625 932 1783 992 fiant,
1816 933 2192 998 Planetasque
2224 936 2571 999 regressionis

418 1005 647 1058 macula
673 1004 925 1067 aspergit.
952 1004 1030 1053 At
1050 1002 1426 1065 Copernicea,
1452 1017 1573 1052 non
1598 1007 1839 1062 tantum,
1868 1004 2023 1066 quod
2049 1003 2191 1055 fiant
2210 1006 2571 1068 regressiones

420 1075 469 1126 ἀ
488 1075 751 1126 stationes
771 1073 904 1132 illae,
926 1071 1176 1131 ostendit,
1197 1071 1290 1121 sed
1311 1073 1484 1122 etiam
1505 1086 1685 1134 quare
1707 1071 1776 1122 fic
1795 1071 1953 1131 fiant,
1974 1088 2096 1124 non
2115 1074 2272 1136 quod
2292 1069 2312 1141 ΙΙ
2331 1080 2492 1126 tanta
2510 1074 2571 1125 fit

417 1151 608 1196 motus
622 1143 997 1194 inconstantia
1010 1144 1071 1191 in
1085 1141 1213 1204 ipfis
1228 1140 1493 1200 PlanetiS,
1509 1143 1610 1204 qui
1622 1141 1843 1205 semper
1855 1142 2023 1193 suum
2035 1146 2334 1207 proprium
2347 1150 2570 1195 motum

419 1214 704 1278 aspiciant,
734 1212 827 1263 sed
857 1211 1013 1274 quod
1041 1211 1402 1274 regressiones
1431 1210 1547 1261 illae
1576 1213 1656 1262 ita
1680 1212 1847 1262 nobis
1873 1219 2104 1276 propter
2127 1220 2352 1264 motum
2375 1213 2571 1265 Terrae

419 1288 751 1348 appareant,
777 1280 1134 1343 Planetisque
1160 1285 1432 1342 putentur
1456 1280 1639 1338 inesse,
1667 1296 1799 1332 cum
1823 1288 2020 1333 tamen
2046 1297 2253 1334 reuera
2270 1282 2465 1334 Terrae
2488 1285 2570 1334 in-

418 1353 536 1404 fint.
558 1353 642 1403 Ita
660 1350 1043 1415 pulcherrime
1063 1350 1260 1400 nullus
1279 1355 1471 1400 motus
1492 1349 1835 1413 relinquitur
1853 1351 1956 1402 nifi
1975 1354 2257 1415 propriuS,
2278 1355 2498 1416 primus
2511 1355 2573 1403 in

418 1421 800 1474 Reuolutione
815 1420 1024 1471 diurna
1037 1418 1249 1479 Terrae,
1270 1418 1414 1470 alter
1426 1422 1489 1470 in
1501 1426 1664 1471 motu
1677 1420 1849 1483 ipfius
1864 1436 2080 1480 annuo,
2102 1424 2299 1473 tertius
2313 1425 2375 1473 in
2389 1422 2572 1481 Luna,

418 1498 655 1555 quartus
674 1493 736 1541 in
755 1490 997 1548 Venere,
1025 1491 1260 1552 quintus
1279 1491 1341 1540 in
1361 1489 1674 1549 Mercuri0,
1701 1490 1888 1541 sextus
1908 1493 1970 1541 in
1990 1491 2197 1550 Marte,
2223 1491 2494 1555 septimus
2513 1495 2575 1543 in

418 1562 573 1620 Ioue,
590 1560 641 1611 &
655 1558 894 1612 octauus
909 1559 1143 1610 tandem
1156 1562 1218 1609 in
1233 1558 1499 1618 Saturn0‚
1521 1559 1732 1623 absque
1746 1559 1864 1611 vlla
1877 1560 2168 1612 violentiae
2183 1568 2283 1612 aut
2296 1562 2574 1625 regressio-

416 1633 504 1682 nis
523 1630 668 1681 labe.
693 1629 921 1680 Deinde
942 1631 1070 1692 quis
1090 1629 1279 1680 credet
1298 1644 1575 1692 vnquam,
1598 1629 1880 1681 Centrum
1898 1633 2137 1682 maioris
2157 1631 2408 1696 Epicycli
2427 1631 2575 1683 Solis

416 1706 575 1752 tanta
595 1698 852 1750 efficacia
871 1699 1178 1762 praeditum
1199 1699 1316 1758 esse,
1338 1705 1397 1749 vt
1414 1698 1643 1750 trahere
1663 1699 1782 1762 post
1801 1699 1855 1751 l'e
1875 1699 2142 1752 Planetas
2163 1716 2382 1758 omnes,
2410 1703 2574 1764 quin·

415 1773 534 1821 imo
562 1785 592 1820 e
618 1769 730 1820 suis
762 1768 1016 1832 Sphaeris
1048 1767 1348 1819 detrahere
1380 1768 1722 1832 rursumque
1753 1769 2013 1821 attollere
2044 1771 2215 1834 possit,
2248 1785 2382 1821 cum
2413 1770 2575 1822 nulla

418 1839 701 1903 corporali
729 1838 779 1889 &
804 1841 992 1889 tenaci
1011 1841 1256 1889 materia
1276 1836 1725 1890 connectantur?
1752 1839 1887 1902 Qua
1907 1839 1978 1891 de
1999 1839 2168 1892 causa
2189 1855 2422 1904 quoque
2443 1855 2576 1892 cum

418 1909 775 1960 Illustrissimo
790 1908 1037 1971 Principi
1056 1907 1246 1958 nostro
1267 1907 1621 1959 ostenderem
1639 1911 1702 1959 in
1715 1907 1903 1960 Tomo
1923 1915 2024 1961 tuo
2044 1909 2292 1961 secundo
2308 1910 2574 1962 Cometa-

416 1994 563 2038 rum,
591 1977 953 2043 Hypothefin
977 1977 1139 2029 illam
1164 1984 1342 2036 tuam,
1373 1993 1552 2041 quam
1576 1993 1732 2038 mox,
1758 1985 1818 2030 vt
1843 1979 2073 2043 aspexit,
2103 1982 2357 2044 agnouit,
2384 1986 2576 2044 vtpote

417 2051 510 2100 cui
524 2063 594 2100 ea
608 2064 679 2099 ex
692 2049 1011 2099 Automato
1025 2047 1156 2099 satis
1170 2054 1311 2099 nota
1328 2054 1473 2099 erat:
1496 2047 1592 2112 Dij
1615 2048 1770 2108 boni,
1791 2063 1893 2113 per
1912 2051 2107 2100 iocum
2127 2050 2332 2109 aiebat,
2354 2056 2576 2113 oportet

417 2118 696 2170 circulum
722 2118 887 2169 illum
907 2117 1055 2169 Solis
1082 2133 1249 2169 aeneo
1275 2117 1445 2182 longe
1467 2118 1567 2169 esse
1587 2117 1899 2179 fortiorem,
1927 2134 2061 2170 cum
2080 2126 2161 2170 tot
2180 2119 2447 2171 Planetas
2466 2125 2574 2170 tra-

417 2188 555 2239 here
575 2188 765 2239 secum
784 2189 955 2252 possit.
983 2187 1207 2239 Scilicet
1225 2187 1483 2239 haerebat
1503 2190 1565 2239 in
1585 2191 1801 2246 animo,
1829 2189 1985 2252 quod
2005 2189 2380 2240 Illustrissimae
2406 2189 2576 2253 ipfius

418 2258 684 2310 Celfitud.
711 2260 878 2309 toties
903 2258 977 2309 ad
1003 2273 1208 2309 aurem
1233 2257 1621 2317 decantaram‚
1642 2256 1963 2310 Tractionis
1988 2265 2213 2310 motum
2233 2274 2264 2310 e
2286 2259 2450 2311 Caelo
2472 2259 2574 2310 tol-

416 2328 653 2379 lendum
674 2328 791 2379 esse.
820 2328 944 2378 Nec
963 2334 1022 2378 vt
1041 2327 1286 2379 arbitror
1304 2327 1471 2379 facile
1492 2328 1730 2379 concedi
1749 2331 1956 2391 poterit
1975 2328 2111 2388 Soli,
2137 2335 2196 2380 vt
2218 2329 2576 2392 reliquorum

416 2398 786 2449 Planetarum
811 2404 1003 2449 motus
1028 2399 1292 2461 proprios
1317 2397 1418 2449 sua
1443 2396 1554 2448 hac
1574 2396 1850 2450 tractione
1869 2398 2071 2450 turbet.
2098 2399 2383 2450 Praeterea
2401 2401 2574 2450 intro-

420 2468 571 2519 ducit
596 2467 724 2519 haec
749 2467 977 2519 inuersa
1003 2467 1313 2531 Copernici
1338 2469 1485 2518 ratio
1512 2467 1906 2519 confusionem
1932 2471 1994 2519 in
2019 2467 2290 2532 Sphaeras
2315 2467 2574 2520 Planeta-

419 2553 563 2588 rum.
595 2536 704 2588 Etfi
731 2540 887 2588 enim
912 2537 1076 2589 nulla
1102 2552 1411 2601 corporum
1437 2537 1745 2589 caelestium
1770 2537 1934 2589 illifio
1959 2538 2093 2590 inde
2119 2538 2277 2602 sequi
2302 2538 2492 2603 potest,
2519 2544 2576 2589 vt

420 2607 688 2658 excusare
714 2610 933 2667 niteris;
959 2607 1185 2659 Tamen
1210 2607 1375 2658 nulla
1400 2607 1776 2670 Sphaerarum
1801 2623 1941 2659 vera
1966 2614 2066 2659 aut
2091 2608 2468 2660 determinata
2496 2608 2575 2659 di·

419 2675 633 2728 [tinctio
659 2684 871 2736 manet,
898 2678 991 2729 sed
1017 2692 1222 2729 omnes
1247 2679 1395 2728 inter
1419 2677 1474 2727 se
1498 2677 1947 2729 confunduntur.
1975 2678 2053 2729 At
2073 2677 2435 2741 Copernicea
2454 2677 2576 2743 Hy-

419 2746 664 2810 pothefis
689 2747 856 2798 suum
878 2749 1188 2811 vnicuique
1208 2746 1463 2798 Planetae
1491 2746 1541 2797 &
1567 2747 2013 2799 determinatum
2037 2747 2283 2811 spatium
2307 2747 2576 2807 attribuit,

421 2831 451 2867 e
477 2831 594 2880 quo
620 2823 783 2868 motu
808 2816 909 2868 suo
936 2818 1127 2881 egredi
1151 2832 1274 2868 non
1298 2818 1469 2880 possit.
1498 2816 1618 2868 Scis
1643 2824 1840 2868 autem
1863 2817 2059 2868 Deum
2083 2833 2205 2869 non
2231 2816 2578 2868 confusionis

419 2886 512 2937 sed
532 2886 749 2937 ordinis
769 2886 1075 2938 authorem
1096 2888 1214 2946 esse,
1241 2893 1627 2950 naturamque
1654 2889 1734 2938 ita
1758 2887 2075 2947 condidisse,
2101 2894 2159 2938 vt
2184 2903 2221 2939 a
2246 2886 2577 2938 confufione

421 2955 749 3015 abhorreat;
771 2957 1006 3008 Nedum
1025 2963 1084 3008 vt
1103 2955 1560 3020 pulcherrimum
1578 2957 1690 3008 hoc
1705 2956 1756 3008 δι
1769 2956 2061 3020 sapientiae
2075 2956 2429 3008 inexhaustae
2443 2957 2577 3008 aedi-

422 3024 618 3076 ficium
636 3032 797 3077 tanta
815 3026 944 3077 labe
965 3026 1258 3091 aspergere
1277 3026 1540 3078 voluerit.
1561 3027 1797 3078 Accedit
1818 3026 1869 3077 &
1888 3026 2015 3087 hoc,
2038 3027 2194 3090 quod
2211 3027 2439 3078 Natura
2457 3042 2579 3078 non

423 3101 552 3159 agat
570 3110 672 3158 per
691 3095 875 3159 plura,
897 3111 1030 3147 curn
1049 3111 1150 3160 per
1168 3098 1447 3159 pauciora
1466 3097 1638 3160 possit.
1660 3096 1802 3148 Item
1817 3097 1973 3160 quod
1986 3099 2230 3148 mutatio
2244 3096 2577 3148 Eccentrici-

421 3167 550 3216 tatis
571 3164 719 3216 Solis
743 3168 919 3217 etiam
937 3168 998 3216 in
1018 3165 1254 3229 reliquis
1275 3166 1524 3217 Planetis
1549 3166 1842 3218 sentiatur:
1870 3182 2003 3230 quae
2030 3166 2125 3218 etsi
2150 3165 2578 3229 transpositione

422 3236 664 3285 minoris
685 3234 936 3299 Epicycli
957 3235 1105 3287 Solis
1125 3236 1199 3287 ad
1218 3234 1475 3296 Terram,
1502 3242 1561 3287 vt
1586 3236 1721 3296 dixi,
1750 3251 1988 3300 quoquo
2008 3236 2184 3287 modo
2206 3235 2461 3287 excusari
2480 3250 2578 3299 po-

422 3303 539 3362 tess3
567 3302 791 3355 Tamen
818 3303 1198 3357 nihilominus
1225 3307 1425 3357 omnia
1450 3321 1552 3369 per
1577 3304 1915 3358 tractionem
1940 3305 2065 3357 fieri
2091 3305 2201 3357 hac
2227 3307 2449 3357 ratione
2474 3304 2578 3356 fin-

2352 3381 2577 3440 guntur.

2606 1085 2687 1127 129

2627 1440 2666 1473 15

2625 1787 2669 1821 20

2626 2136 2668 2169 25

2626 2833 2670 2867 35

2627 3182 2672 3216 40
