2748 4204
406 322 495 373 172
751 315 1351 368 EPISTOLARUM
1377 315 2207 367 ASTRONOMICARUM

404 458 558 509 velut
571 464 704 507 tunc
718 454 1048 518 suspicabar,
1065 469 1135 503 ex
1150 469 1266 516 quo
1279 469 1401 504 non
1414 454 1582 517 longe
1594 454 1666 505 ab
1679 456 1803 504 eius
1815 453 2295 505 Reuolutionibus
2308 455 2554 508 Cometa

404 530 507 577 iter
526 526 690 576 suum
710 526 988 575 direxerit.
1010 523 1251 572 Veneris
1275 525 1431 572 enim
1451 523 1640 582 Stella,
1667 522 1785 573 visa
1811 522 1883 573 est
1908 522 2053 572 mihi
2078 523 2395 586 aliquando
2421 540 2552 577 eam

403 602 621 658 partem
642 595 838 651 Lunae,
867 607 998 654 quae
1019 607 1055 642 a
1074 591 1206 642 Sole
1227 591 1427 642 auersa
1448 598 1583 651 erat,
1612 591 1663 642 &
1687 591 1788 654 ipfi
1808 589 2044 651 obiecta,
2071 592 2202 643 satis
2227 592 2552 646 sensibiliter

402 664 743 720 illuminare,
774 668 891 711 vtvt
917 661 1084 711 Luna
1108 660 1278 723 longe
1304 663 1579 711 remotius
1606 676 1642 711 a
1667 661 1908 711 Veneris
1935 662 2261 712 circuitibus
2288 663 2550 724 distiterit,

402 747 577 795 quam
607 732 865 782 Cometa.
896 730 1092 781 Simile
1122 730 1260 792 quid
1289 732 1463 780 etiam
1492 730 1874 781 IOANNEM
1903 730 2343 783 BAPTISTAM
2370 733 2550 784 Bene·

401 800 627 859 dictum‚
649 801 955 850 Patricium
975 799 1261 849 Venetum
1282 798 1694 862 Philosophum
1715 798 1766 849 8(
1786 798 2270 851 Mathematicum
2289 804 2552 865 inprimis

401 870 787 926 excellentem,
819 868 1272 919 animaduertisse
1304 871 1544 931 reperi⁰‚
1577 871 1638 918 in
1671 869 1894 919 erudito
1925 869 2026 920 illo
2057 870 2264 933 Opere,
2297 872 2453 934 quod
2481 872 2551 923 de

400 939 825 990 Mathematicis
855 938 905 988 &
934 937 1179 1002 Phyficis
1209 937 1691 1000 speculationibus
1721 937 2004 1001 inscripfit.
2038 939 2128 990 Sic
2161 943 2318 991 enim
2345 943 2406 991 in
2434 940 2550 992 fine

400 1008 676 1071 Epistolae,
697 1007 770 1058 ad
791 1007 1080 1058 Batonem
1101 1007 1394 1069 quendam
1413 1006 1749 1058 Sabaudum
1769 1006 2145 1059 Philibertum
2163 1009 2425 1070 scribenS,
2449 1013 2549 1062 ait:

399 1077 697 1128 Manifeste
717 1077 954 1135 videtur,
977 1076 1115 1127 dum
1130 1076 1297 1127 Luna
1316 1079 1596 1139 reperitur
1614 1076 1928 1128 secundum
1943 1078 2386 1142 Longitudinem
2404 1082 2551 1131 inter

399 1147 591 1198 Solem
612 1147 663 1197 8(
682 1146 982 1204 Venerem,
1010 1145 1165 1208 quod
1190 1160 1324 1208 pars
1344 1146 1527 1196 Lunae
1553 1145 1774 1197 lumine
1795 1146 1943 1198 Solis
1970 1147 2243 1209 destituta,
2270 1164 2305 1200 a
2329 1149 2550 1201 lumine

398 1217 637 1267 Veneris
651 1215 1075 1278 aliquantulum
1089 1215 1410 1274 illustratur,
1433 1216 1588 1278 quod
1604 1230 1708 1279 ego
1722 1215 1871 1279 saepe
1884 1217 2019 1276 vidi,
2041 1217 2092 1268 8(
2110 1218 2306 1269 multis
2320 1218 2548 1271 ostendi.

399 1285 546 1336 Haec
564 1285 675 1336 ille.
697 1286 769 1336 Vt
783 1291 976 1335 tamen
989 1299 1193 1335 verum
1206 1284 1403 1343 fatear,
1424 1300 1615 1348 neque
1629 1285 1757 1336 haec
1770 1288 2132 1338 ratiocinatio
2146 1287 2292 1338 mihi
2306 1290 2386 1340 ita
2398 1288 2549 1340 satis·

396 1355 544 1414 facit,
573 1361 631 1405 vt
659 1355 869 1405 Veneri
900 1360 1120 1405 tantam
1151 1355 1448 1405 radiorum
1479 1357 1814 1418 potentiam,
1848 1371 1980 1419 quae
2010 1357 2271 1408 Cometae
2303 1358 2549 1410 caudam

394 1439 693 1487 procreare
705 1427 966 1486 potuerit,
982 1424 1287 1475 attribuere
1299 1424 1496 1475 aufim.
1508 1425 1727 1475 Verum
1737 1425 1814 1485 fit,
1828 1426 2022 1489 quoad
2034 1427 2235 1478 caudae
2246 1430 2546 1488 rationem,

388 1494 665 1556 quicquid
684 1493 834 1552 velit,
863 1493 913 1543 8(
938 1493 1053 1543 fiue
1073 1493 1247 1544 lateat
1266 1496 1327 1544 in
1346 1493 1437 1544 his
1459 1494 1731 1557 Opticum
1751 1496 1906 1558 quid,
1933 1511 2034 1547 cur
2054 1496 2248 1548 Solem
2267 1504 2547 1561 perpetuo

391 1578 511 1613 non
523 1563 596 1613 ad
608 1564 865 1613 amussim
877 1562 1174 1625 respiciant
1185 1563 1300 1614 fiue
1312 1579 1448 1623 non,
1462 1570 1610 1615 certe
1623 1564 1679 1615 id
1691 1565 2023 1616 nullatenus
2033 1566 2315 1618 subfistere
2326 1570 2546 1631 poterit,

391 1633 547 1695 quod
567 1628 587 1698 ΙΙ
607 1639 669 1682 tu
694 1633 957 1691 intendiS,
986 1633 1232 1684 caudam
1259 1634 1360 1683 esse
1386 1640 1609 1696 partem
1634 1637 1890 1697 corporis
1911 1635 2189 1696 Cometae,
2218 1635 2269 1687 8(
2295 1637 2548 1688 eiusdem

391 1717 522 1752 cum
543 1704 725 1765 capite
745 1701 1078 1761 substantiae,
1101 1703 1423 1766 eodemque
1443 1704 1619 1754 modo
1636 1719 1738 1767 per
1751 1704 2238 1756 illuminationem
2251 1722 2546 1770 apparere.

390 1772 451 1822 Id
473 1774 628 1821 enim
647 1771 687 1821 fi
706 1772 1040 1823 omnimode
1060 1774 1139 1823 ita
1158 1772 1211 1823 se
1232 1772 1484 1832 haberet,
1505 1789 1627 1824 non
1645 1780 1727 1825 tot
1747 1774 2007 1826 Cometae
2022 1791 2058 1827 a
2072 1776 2546 1840 Regiomontan0‚

390 1841 753 1901 FracastoriO,
768 1842 1019 1905 Apiano,
1039 1841 1293 1893 Gemma
1307 1842 1496 1903 Frifio,
1513 1843 1564 1894 8(
1578 1844 1706 1908 alijs
1721 1845 2122 1906 animaduerti,
2142 1853 2419 1910 perpetuo
2435 1847 2546 1898 Co-

389 1925 548 1961 mam
566 1913 628 1961 in
648 1911 930 1974 oppofitas
949 1911 1067 1962 fere
1083 1911 1202 1963 Soli
1221 1919 1411 1975 partes
1433 1913 1806 1974 obuertissent‚
1826 1921 1886 1965 vt
1905 1930 1977 1966 ex
1991 1930 2195 1966 eorum
2208 1915 2421 1979 scriptis
2435 1916 2546 1968 col-

391 1980 562 2044 ligere
582 1981 732 2031 licet:
754 1981 816 2031 Id
837 1982 993 2043 quod
1014 1984 1188 2032 etiam
1207 1984 1270 2032 in
1290 1984 1375 2046 ijs,
1397 1985 1498 2046 qui
1517 1999 1552 2034 a
1572 1984 1739 2035 nobis
1760 1984 2044 2036 obseruati
2063 1985 2205 2045 sunt,
2227 2001 2405 2049 quam
2418 2001 2546 2049 pro-

390 2052 543 2101 xime
563 2050 757 2101 locum
776 2050 992 2101 habuit.
1021 2051 1202 2103 Nulla
1222 2055 1436 2103 etenim
1454 2056 1601 2104 ratio
1620 2053 1813 2113 subest,
1840 2070 1941 2105 cur
1966 2053 2272 2118 protractio
2293 2058 2547 2119 corporis

392 2119 651 2170 Cometae
671 2122 731 2170 in
750 2120 1005 2184 longum,
1026 2121 1066 2171 fi
1086 2121 1338 2173 eiusdem
1356 2123 1479 2173 esset
1494 2139 1627 2173 cum
1640 2123 1759 2186 ipso
1774 2127 1957 2188 capite
1971 2124 2307 2185 substantiae,
2327 2125 2547 2189 semper

390 2204 426 2239 a
452 2189 583 2240 Sole
607 2191 1031 2253 propemodum
1056 2198 1427 2243 auerteretur.
1459 2193 1526 2243 Et
1551 2208 1659 2244 nos
1684 2194 1935 2245 vidimus
1961 2197 2023 2245 in
2049 2197 2252 2246 crinita
2276 2195 2437 2246 Anni
2462 2196 2544 2247 77.

391 2261 553 2309 cuius
579 2260 780 2318 cauda,
807 2260 1118 2323 praesertim
1138 2262 1210 2312 ab
1230 2264 1396 2313 initio
1416 2262 1585 2314 valde
1612 2270 1733 2314 erat
1758 2264 2044 2324 notabiliS‚
2072 2280 2203 2316 eam
2229 2265 2546 2316 admodum

389 2344 582 2379 raram
600 2329 769 2389 fuisse,
792 2329 1032 2381 &instar
1050 2331 1348 2382 radiorum
1367 2334 1632 2383 tenuium
1651 2335 1982 2397 apparuisse‚
2009 2334 2156 2386 adeo
2178 2335 2335 2398 quod
2355 2334 2545 2386 Stellae

392 2399 678 2461 quaedam,
700 2415 845 2462 quas
858 2402 1443 2464 praetergrediebatur,
1464 2402 1771 2466 aliquoties
1784 2418 1886 2467 per
1899 2403 2060 2455 illam
2073 2407 2544 2468 transparuerint.

391 2468 597 2531 Neque
619 2471 792 2520 etiam
813 2476 933 2520 erat
953 2471 1205 2522 eiusdem
1226 2487 1359 2522 cum
1380 2475 1563 2535 capite
1584 2473 1808 2533 coloriS,
1835 2473 1928 2525 sed
1955 2473 2006 2524 8(
2030 2474 2186 2524 hunc
2209 2474 2445 2525 subinde
2465 2474 2543 2526 al-

388 2538 621 2598 terabat,
652 2539 807 2602 quod
835 2546 1032 2591 tamen
1061 2541 1134 2592 ob
1163 2542 1332 2592 Aeris
1361 2542 1672 2606 interpositi
1700 2543 1985 2594 diuersam
2015 2544 2367 2607 qualitatem,
2400 2559 2543 2608 prae-

388 2607 576 2658 sertim
601 2624 779 2672 prope
800 2610 1186 2662 Horizontem
1207 2613 1449 2663 euenisse
1469 2612 1693 2672 censeo;
1720 2612 1831 2664 Sed
1852 2613 1903 2664 8(
1924 2620 2093 2677 caput
2118 2613 2302 2677 ipsum
2323 2621 2443 2665 erat
2462 2614 2543 2664 so-

388 2677 500 2728 lide
527 2678 904 2741 compactum,
934 2680 1234 2744 multoque
1260 2682 1447 2733 cauda
1472 2682 1735 2742 lucidiuS,
1766 2682 1817 2733 8(
1846 2682 2040 2735 exacte
2069 2683 2385 2735 rotundum
2411 2699 2542 2735 con-

387 2746 739 2810 spiciebatur,
761 2749 908 2800 adeo
922 2756 979 2800 vt
998 2765 1244 2813 paruam
1260 2751 1490 2803 Lunam
1509 2752 1582 2803 ab
1602 2755 1766 2803 initio
1787 2753 2019 2804 diceres.
2041 2753 2146 2816 Ipfi
2166 2756 2340 2804 etiam
2360 2756 2545 2805 crines

388 2819 558 2880 capiti
572 2821 948 2870 acuminatim
963 2820 1399 2883 copulabantur,
1421 2821 1472 2872 8(
1491 2822 1682 2885 postea
1695 2825 1756 2873 in
1769 2822 1952 2874 latum
1965 2823 2319 2887 longumque
2336 2823 2543 2874 diffun-

388 2886 690 2938 debantur:
703 2888 868 2939 Vnde
882 2888 1048 2940 facile
1063 2890 1327 2955 colligere
1342 2891 1516 2951 licuit,
1531 2907 1633 2955 per
1645 2895 2104 2956 penetrationem
2117 2892 2353 2944 luminis
2365 2892 2544 2944 cuius-

389 2955 523 3006 dam
550 2960 784 3016 externi,
813 2974 1162 3023 quocunque
1187 2961 1245 3011 id
1270 2962 1447 3012 modo
1474 2964 1840 3026 contingeret,
1863 2962 1913 3013 8(
1931 2963 2317 3026 vndecunque
2339 2978 2544 3026 proue-

388 3027 550 3085 niret,
578 3027 824 3078 caudam
850 3028 1010 3079 illam
1035 3029 1188 3080 fuisse
1213 3038 1589 3093 procreatam.
1616 3031 1776 3083 Idem
1803 3047 2037 3096 quoque
2056 3035 2117 3083 in
2138 3034 2268 3097 alijs
2288 3033 2545 3084 Cometis

388 3096 849 3148 animaduertere
869 3097 1043 3158 licuit,
1065 3098 1116 3149 8(
1136 3115 1206 3150 eo
1228 3101 1569 3161 euidentiuS‚
1591 3117 1708 3164 quo
1721 3105 1973 3153 maiores
1987 3102 2424 3166 illustrioresque
2438 3101 2544 3153 ful-

387 3164 570 3215 serint.
599 3166 882 3217 Praeterea
907 3167 989 3218 illi
1016 3171 1115 3231 qui
1141 3170 1214 3220 ad
1241 3170 1563 3234 oppositum
1583 3171 1732 3222 Solis
1751 3172 1984 3223 tendere
2003 3171 2103 3223 vifi
2127 3172 2269 3231 sunt,
2297 3171 2544 3223 caudam

387 3234 480 3284 vel
499 3234 738 3294 nullam,
764 3236 857 3287 vel
876 3240 1247 3302 perexiguam
1268 3240 1651 3300 ostendebant,
1680 3256 1811 3293 eam
1829 3244 2021 3305 potius
2039 3241 2233 3293 versus
2251 3241 2545 3305 superiora

387 3311 727 3355 auertenteS.
750 3305 907 3356 Huic
927 3314 1122 3358 autem
1141 3312 1522 3371 proximiores
1540 3311 1782 3362 barbam
1800 3314 1984 3375 magis
1999 3314 2297 3376 magisque
2312 3326 2544 3362 exerere

2146 3381 2543 3439 cernebantur,

2603 1099 2643 1133 10

2601 1446 2640 1480 15

2583 1646 2663 1689 143

2596 1794 2640 1828 20

2595 2143 2640 2176 25

2593 2491 2639 2525 30

2593 2839 2638 2874 35

2593 3188 2638 3222 40
