2748 4204
995 306 1241 357 LIBER
1268 307 1591 359 PRIMUS
2316 312 2394 363 181

192 455 421 501 mature
448 447 842 512 constipatam,
869 446 1163 508 laboranS,
1191 450 1271 499 ita
1291 454 1350 499 vt
1376 452 1679 513 aegerrime
1706 449 1835 501 haec
1861 451 1981 514 ipsa
2008 456 2392 517 conceperim.

193 521 404 584 Neque
426 521 584 570 enim
604 524 835 570 tantum
853 517 1101 582 superest
1122 521 1241 583 otij,
1268 525 1329 569 vt
1353 520 1732 572 medicationi
1751 536 1962 573 vacare
1988 522 2174 575 liceat.
2196 523 2395 575 Tuum

190 593 389 655 itaque
410 592 517 641 erit
535 591 598 640 in
617 589 710 640 his
731 588 1168 640 difficultatibus
1182 591 1380 641 minus
1396 590 1664 643 emuncte
1681 592 1944 656 congesta
1960 594 2206 646 candide
2220 597 2392 647 inter-

191 663 422 727 pretari,
445 660 496 711 8(
515 660 556 711 fi
575 676 700 711 non
720 660 796 711 ad
816 662 1021 711 omnia
1040 675 1199 711 nunc
1219 661 1614 724 particulatim
1637 663 1984 726 respondere
2006 667 2192 716 otium
2218 673 2394 730 atque

121 751 142 785 5
190 732 466 785 valetudo
498 731 886 795 patiebantur,
920 730 1049 782 haec
1082 730 1203 795 ipsa
1231 732 1578 795 generaliter
1607 733 1877 798 rescripta
1904 734 2046 786 boni
2076 736 2391 797 consulere,

189 818 403 867 meque
422 805 504 854 vti
526 802 685 862 facis,
713 817 916 854 amare
943 817 1067 853 non
1093 805 1490 863 intermittere,
1520 803 1571 854 8(
1596 803 1807 867 saepius
1827 821 1930 869 per
1951 806 2210 858 oblatam
2230 824 2392 860 occa·

188 874 409 926 fionem
429 873 609 926 literis
629 873 896 925 reuisere.
918 873 1082 925 Vale.
1106 873 1280 925 Datae
1300 874 1655 939 Vraniburgi
1674 875 1747 926 21.
1770 876 1903 927 Feb.
1926 878 2106 929 Anno
2127 879 2270 930 1589.

1738 969 1978 1023 TYCHO
2007 972 2250 1024 BRAHE.

112 1140 140 1183 ψ
190 1107 936 1181 NOBILISSIMO
966 1106 1594 1180 ETVIRTVTE
1620 1108 2216 1183 SAPIENTIA
2238 1112 2392 1185 IN-

99 1229 140 1265 10
250 1212 605 1265 GENIOSA
633 1211 1138 1276 ERVDITAQVE
1165 1211 1603 1273 DOCTRINA,
1633 1212 2109 1267 CLARISSIMO
2138 1215 2340 1277 VIRO,

272 1295 609 1348 DOMINO
629 1294 1002 1348 TYCHONI
1023 1295 1673 1364 BRAHEDOMINO
1696 1296 1804 1348 DE
1825 1297 2312 1359 KNVDSTRVR

367 1378 633 1442 EQVITI
660 1378 915 1438 DANO,
942 1377 1731 1431 MATHEMATICORUM
1758 1379 2076 1432 NOSTRO
2104 1380 2214 1433 SE-

553 1461 771 1514 CULO
801 1460 1152 1514 OMNIUM
1178 1461 1896 1524 PRAESTANTISSIMO,
1925 1463 2033 1515 &e

636 1543 974 1597 DOMINO
997 1544 1154 1597 SUO
1178 1544 1362 1597 CUM
1385 1545 1950 1598 OBSERUANTIA

100 1646 140 1680 15
1020 1627 1429 1751 ΟΟἱΕὲῘΒΟ,
1458 1628 1567 1680 &Q

1267 1742 1276 1752 .
1305 1710 1353 1752 Ρ.

546 1785 627 1889 ῃςς
670 1799 946 1853 ITERAS
975 1807 1124 1861 tuas,
1156 1800 1516 1853 Nobilissime
1547 1801 2141 1867 Excellentissimeque
2172 1804 2245 1855 D.
2267 1803 2390 1855 TY-

319 1890 321 1898 ¹
348 1868 355 1875 '
477 1866 507 1942 ς’
554 1907 579 1920 ⁴-
607 1891 616 1895 ⁸
670 1871 864 1931 CHO,
899 1887 1048 1937 quas
1079 1878 1144 1924 tu
1175 1872 1248 1924 21.
1281 1873 1581 1938 Februarij
1618 1873 1879 1934 dederaS‚
1913 1876 2012 1925 vix
2043 1875 2115 1926 17.
2150 1875 2391 1940 Augusti

331 1930 351 1981 (¹
378 1999 390 2007 Ι
416 1940 443 1998 'z
470 1945 494 1977 κ’
547 1957 574 2014 ᾗ
601 1957 609 1963 ·
668 1945 1020 2007 accepimus,
1047 1943 1162 1995 hoc
1183 1944 1273 2004 est,
1295 1944 1392 1996 sex
1413 1945 1619 1996 diebus
1645 1945 1782 2009 post,
1811 1961 1947 1996 cum
1967 1945 2179 1998 alteras
2201 1947 2276 1998 ad
2295 1962 2390 1998 me

383 2024 392 2033 ·
442 2012 447 2019 ’
530 2011 563 2081 [³
668 2014 834 2066 datas
848 2014 1166 2080 scripseraS.
1187 2015 1553 2080 Quanquam
1568 2023 1768 2068 autem
1782 2019 2095 2082 varijsiam
2111 2017 2391 2069 distrahar

188 2226 262 2279 ob
273 2229 469 2279 varias
481 2231 898 2292 occupationes
910 2236 1087 2293 atque
1100 2232 1278 2282 etiam
1290 2230 1364 2282 ob
1375 2231 1668 2290 morbum,
1681 2230 1853 2295 longe
1866 2231 2032 2283 aliter
2042 2231 2389 2292 intellexisse‚

0 2366 6 2369 ,
75 2306 157 2350 152
188 2303 364 2362 atque
386 2313 493 2363 ego
512 2298 861 2364 scripseram.
886 2300 1019 2367 Obij
1027 2303 1107 2353 cis
1130 2304 1289 2353 enim
1308 2318 1379 2354 ea
1400 2297 1420 2370 ΙΙ
1440 2302 1604 2363 mihi,
1627 2317 1763 2366 quae
1777 2317 1885 2354 nec
1899 2318 2163 2366 vnquam
2179 2318 2250 2354 ex
2264 2318 2388 2354 ver-

93 2386 139 2420 25
186 2368 274 2421 bis
294 2369 451 2421 illius
466 2370 732 2434 Epistolae
752 2371 944 2437 colligi
963 2379 1255 2436 poterunt,
1276 2389 1385 2425 nec
1406 2376 1583 2425 etiam
1603 2373 1752 2425 mihi
1764 2390 2029 2438 vnquam
2048 2376 2111 2425 in
2130 2381 2388 2426 mentem

185 2448 490 2493 venerunt.
505 2441 619 2494 Vbi
633 2445 792 2494 enim
807 2446 1127 2508 quicquam
1142 2444 1367 2497 detraxi
1382 2444 1723 2497 authoritati
1739 2445 2034 2496 sacrarum
2050 2444 2387 2497 literarum?

186 2511 285 2563 An
306 2527 393 2573 ea,
415 2528 550 2577 quae
571 2513 708 2575 dixi,
730 2530 854 2566 non
875 2517 1052 2567 etiam
1072 2516 1272 2580 tuipse
1290 2516 1341 2567 8(
1355 2516 1642 2581 Theologi
1657 2532 1863 2568 omnes
1878 2516 2067 2568 sacras
2087 2516 2283 2568 literas
2303 2519 2387 2567 in-

186 2589 566 2648 terpretantes
596 2585 830 2638 dicunt?
861 2586 985 2638 Nifi
1012 2586 1160 2639 forte
1192 2588 1497 2648 existimaS,
1529 2589 1648 2640 duo
1678 2603 1814 2639 cum
1844 2588 2037 2639 dicant
2063 2587 2236 2647 idem,
2267 2603 2389 2639 non

187 2655 290 2706 esse
319 2655 499 2707 idem:
532 2656 792 2721 Ideoque
821 2660 884 2709 in
912 2673 1008 2710 me
1039 2658 1097 2710 id
1126 2659 1683 2723 reprehendendum
1713 2660 1833 2719 esse,
1868 2659 2026 2723 quod
2059 2659 2189 2723 alijs
2221 2658 2390 2710 facile

93 2741 138 2776 30
186 2727 345 2790 possit
373 2727 631 2779 concedi.
662 2729 723 2781 Si
750 2729 1143 2794 Augustinum
1171 2730 1395 2795 legeriS,
1425 2730 1613 2782 multo
1642 2730 1881 2782 liberius
1911 2730 1982 2781 de
2010 2730 2182 2781 sacris
2211 2729 2390 2781 literis

186 2796 528 2861 loquentem
547 2801 834 2853 inuenies,
858 2801 1126 2853 Eandem
1145 2817 1336 2865 nuper
1355 2802 1699 2854 sententiam
1715 2817 1850 2852 cum
1866 2800 2240 2852 exhibuissem
2255 2800 2388 2852 Illu-

185 2867 438 2921 strissimo
469 2870 723 2935 Principi
755 2872 948 2924 nostro
982 2872 1034 2923 8(
1066 2872 1270 2925 nostris
1301 2873 1618 2938 Theologis
1649 2875 1789 2924 viris
1821 2872 2076 2931 summiS‚
2116 2887 2190 2923 ne
2228 2872 2390 2924 litem

185 2938 341 2992 hanc
378 2956 577 2993 meam
607 2941 864 2995 facerem
903 2943 1088 3008 (Nam
1121 2947 1183 2995 in
1215 2944 1419 2996 nostris
1454 2943 1976 2996 Obseruationibus
2009 2946 2063 2995 ei
2094 2943 2389 3007 peculiare

186 3018 360 3075 caput
380 3012 631 3075 attribui,
651 3014 749 3066 vbi
770 3014 1005 3075 ostendi,
1026 3015 1217 3067 sacras
1236 3015 1434 3067 literas
1455 3031 1578 3067 non
1599 3015 1819 3067 obstare
1840 3014 2047 3066 nostrae
2069 3015 2139 3066 de
2159 3014 2388 3078 liquidi-

94 3097 139 3132 35
186 3087 302 3134 tate
329 3086 595 3136 materiae
625 3085 860 3138 caelestis
889 3086 1212 3150 sententiae)
1243 3102 1352 3138 nec
1378 3088 1652 3151 Princeps
1679 3102 1787 3138 nec
1813 3085 2100 3150 Theologi
2127 3101 2260 3137 eam
2285 3088 2389 3136 im-

184 3153 524 3217 probarunt,
552 3163 655 3208 aut
681 3157 822 3221 quid
849 3157 1405 3222 reprehendendum
1431 3161 1494 3209 in
1521 3174 1592 3210 ea
1611 3160 1984 3209 inuenerunt.
2012 3158 2081 3208 Et
2106 3157 2208 3209 tibi
2233 3157 2390 3208 idem

185 3223 522 3278 faciendum
549 3230 670 3288 erit,
697 3228 738 3279 fi
763 3229 944 3280 modo
971 3231 1241 3293 quintam
1266 3236 1432 3281 tuam
1453 3230 1759 3281 Essentiam
1782 3228 2094 3297 defendere
2114 3227 2387 3279 volueris,

186 3294 344 3347 Mihi
368 3296 545 3349 solius
571 3298 707 3350 DEI
732 3299 919 3364 gloria
945 3303 1007 3351 in
1034 3300 1310 3352 omnibus
1336 3303 1484 3352 meis
1511 3299 1838 3352 actionibus
1866 3298 2158 3364 propofita
2187 3298 2282 3350 est:
2313 3314 2388 3349 ne

186 3366 327 3430 quid
354 3369 606 3432 impium
635 3370 707 3422 de
736 3386 832 3422 me
863 3373 1093 3435 cogiteS.
1128 3371 1220 3423 De
1251 3371 1624 3436 Crepusculis
1654 3386 1892 3435 quoque
1924 3386 1998 3421 ne
2030 3385 2125 3421 me
2157 3369 2388 3433 prorsus

2165 3454 2387 3491 caecum
