2748 4204
418 348 509 399 100
767 345 1370 398 EPISTOLARUM
1397 343 2228 399 ASTRONOMICARUM

419 486 861 539 obseruationes
900 484 1241 544 attestantur,
1281 499 1709 548 nonnunquam
1745 486 1929 536 multo
1966 489 2249 537 maiorem
2281 488 2463 539 Lunae
2496 490 2569 540 ad

416 556 623 607 Terras
643 556 1267 617 appropinquationem
1287 553 1574 614 exhibere,
1601 570 1779 617 quam
1799 558 1881 605 rei
1901 558 2110 606 veritas
2131 559 2315 620 exigit,
2342 564 2400 608 vt
2420 559 2492 609 ob
2514 560 2570 610 id

418 624 745 676 Parallaxes
765 623 900 673 hinc
921 620 1191 673 deductas
1211 625 1405 674 minus
1425 630 1578 674 ratas
1599 625 1716 684 esse,
1739 624 2187 676 consentaneum
2208 627 2432 678 euadat.
2459 628 2570 679 Sed
2618 635 2645 678 ’r

418 694 543 745 haec
557 693 746 743 forsan
761 692 1040 755 copiosius
1056 707 1233 755 quam
1245 692 1506 755 Epistolae
1520 692 1673 756 leges
1687 697 1998 756 patiuntur,
2013 710 2169 745 nunc
2182 693 2376 756 tractO,
2392 712 2571 760 quare

417 764 506 813 his
532 761 690 813 iactis
715 762 1106 813 fundamentis
1125 762 1225 812 tibi
1246 760 1546 813 doctissime
1567 762 2086 814 ROTHMANNE
2106 767 2305 816 omnia
2323 769 2572 829 penitius
2619 787 2640 820 5

419 831 796 895 expendenda
827 831 1110 894 pluraque
1145 831 1236 881 his
1266 831 1702 894 superaddenda
1733 833 2016 895 relinquo.
2055 834 2229 885 Nunc
2261 835 2334 885 ad
2366 843 2573 888 caetera

417 902 764 965 progredior.
793 900 966 963 Quod
991 903 1053 950 in
1078 900 1502 951 Latitudinibus
1522 901 1830 953 Stellarum
1855 905 2001 953 inter
2024 902 2275 955 Illustriss.
2296 905 2572 969 Principis

418 972 469 1022 &
494 986 654 1021 meas
682 970 1126 1022 obseruationes
1152 985 1474 1033 paucorum
1498 970 1897 1033 scrupulorum
1927 972 2227 1023 discrimen
2253 975 2482 1034 incidat,
2511 976 2573 1027 fit

417 1041 759 1104 potissimum
780 1040 853 1091 ob
874 1040 947 1099 id,
969 1040 1124 1103 quod
1145 1039 1579 1091 Declinationes
1600 1040 1909 1092 Stellarum
1929 1048 2062 1093 ante
2084 1057 2230 1103 eam,
2252 1059 2430 1107 quam
2448 1045 2571 1096 vlti-

417 1113 526 1161 mis
558 1112 670 1160 tuis
703 1110 880 1160 literis
910 1110 1056 1160 mihi
1086 1109 1415 1173 significasti,
1453 1111 1847 1173 perpendiculi
1879 1110 2308 1172 correctionem,
2347 1115 2572 1166 duobus
2625 1133 2666 1168 10

418 1179 711 1242 Scrupulis
736 1182 930 1230 minus
955 1186 1095 1230 ratae
1120 1179 1353 1239 fuerint;
1383 1180 1734 1243 Obliquitate
1762 1184 1936 1232 etiam
1956 1182 2192 1233 Zodiaci
2216 1186 2475 1235 maxima
2493 1185 2572 1235 di-

418 1249 736 1300 uerfimode
758 1249 1186 1312 aliquantulum
1206 1250 1456 1309 assumta‚
1477 1250 1748 1301 nonnihil
1766 1267 1884 1302 vna
1902 1254 1964 1302 in
1983 1251 2073 1302 his
2092 1255 2369 1304 variante.
2396 1254 2573 1305 Pluri-

418 1334 581 1370 mum
601 1334 739 1370 vero
759 1319 986 1369 laetatus
1005 1319 1145 1379 sum,
1167 1334 1299 1370 cum
1319 1319 1696 1383 intelligerem
1722 1336 1794 1371 ex
1818 1321 2220 1384 posterioribus
2244 1325 2356 1374 tuis
2381 1324 2574 1384 literiS,

420 1404 524 1439 vos
551 1404 804 1439 errorem
829 1387 985 1439 hunc
1010 1389 1405 1452 perpendiculi
1430 1389 1875 1452 deprehendisse3
1905 1406 2045 1442 nam
2070 1391 2214 1443 alias
2239 1393 2435 1444 vestrae
2461 1394 2574 1445 De-

421 1459 775 1518 clinationes,
796 1458 1007 1521 vbique
1028 1474 1065 1509 a
1082 1461 1227 1509 meis
1247 1459 1474 1510 duobus
1492 1474 1641 1522 pene
1661 1459 1938 1523 scrupulis
1959 1461 2301 1522 diffidebant,
2329 1478 2399 1514 eo
2420 1464 2575 1526 quod
2628 1481 2668 1515 15

420 1528 680 1579 Altitudo
694 1527 1027 1591 AEquatoris
1046 1543 1164 1579 vno
1182 1528 1448 1591 scrupulo
1468 1532 1660 1580 minor
1679 1545 1834 1590 ver0‚
1856 1530 1907 1581 &
1927 1530 2236 1582 Stellarum
2254 1548 2371 1583 vno
2390 1536 2578 1584 maior

421 1597 719 1648 euadebat.
747 1598 872 1648 Nec
892 1598 1105 1658 dubito,
1130 1601 1272 1661 quin
1291 1598 1331 1649 fi
1350 1598 1469 1662 post
1488 1597 1641 1650 hanc
1662 1599 2016 1662 Quadrantis
2035 1601 2198 1652 vestri
2218 1600 2413 1654 exacte
2433 1605 2495 1653 in
2513 1603 2576 1654 li-

420 1667 633 1718 bellam
658 1667 1082 1727 restitutionem,
1109 1668 1443 1719 adamussim
1469 1668 1698 1720 Solares
1724 1670 2089 1730 Altitudines,
2119 1671 2376 1723 adhibita
2405 1675 2578 1724 etiam

420 1737 724 1796 Parallaxi,
754 1733 774 1803 ΙΙ
804 1753 939 1788 curn
966 1753 1100 1789 mea
1127 1738 1475 1789 restitutione
1502 1741 1565 1789 in
1594 1739 1759 1790 cursu
1787 1739 1936 1791 Solis
1965 1743 2452 1802 examinaueritiS,
2484 1758 2578 1794 me
2621 1751 2676 1793 72

420 1807 654 1870 scopum
684 1807 869 1871 ipsum
900 1810 1061 1858 omni
1092 1807 1327 1871 possibili
1358 1808 1661 1860 subtilitate
1693 1811 1936 1874 attigisse,
1969 1811 2367 1874 comprobetiS‚
2405 1813 2578 1876 idque
2627 1829 2672 1863 20

421 1878 762 1941 potissimum
786 1879 848 1927 in
873 1877 1302 1929 Borealioribus
1323 1878 1523 1942 SigniS.
1552 1879 1711 1930 Nam
1735 1882 1797 1930 in
1823 1879 2323 1941 Meridionalibu8‚
2349 1882 2578 1945 praeser-

421 1950 524 1998 tim
548 1958 605 1996 κα
631 1946 682 1997 &
709 1955 762 2011 1η
790 1947 874 2009 (in
900 1952 951 2005 »θ’
980 1947 1032 1998 &
1057 1955 1090 2001 z
1116 1947 1188 1999 ob
1209 1951 1582 2012 perexiguam
1596 1949 2018 2001 Declinationis
2037 1953 2419 2003 mutationem
2438 1952 2580 2003 nosti

421 2017 549 2067 haec
574 2019 733 2067 irrita
759 2016 883 2079 esse)
911 2016 985 2068 ob
1011 2016 1431 2069 Refractionem
1456 2018 1787 2078 sensibilem,
1818 2020 2037 2083 aliquid
2062 2023 2371 2072 inuenietis
2397 2022 2580 2073 discri-

421 2089 611 2145 miniS‚
637 2086 793 2150 quod
813 2092 1010 2138 tamen
1028 2102 1130 2151 per
1149 2087 1301 2139 hanc
1321 2088 1502 2151 ipsam
1521 2091 1680 2152 prius
1700 2089 1935 2141 aliunde
1956 2094 2243 2154 cognitam
2262 2095 2581 2154 praecaueri

422 2156 613 2221 potest.
635 2156 702 2207 In
722 2157 977 2220 deliquio
997 2157 1216 2209 Lunari
1235 2159 1397 2209 Anni
1416 2159 1556 2210 1584.
1580 2160 1737 2222 quod
1758 2163 1975 2222 expetis
1995 2160 2309 2225 diligenter,
2336 2177 2457 2213 non
2476 2165 2579 2213 mi·
2629 2180 2674 2213 25

422 2242 534 2278 nus
555 2242 733 2290 quam
754 2229 903 2278 circa
921 2228 1372 2291 praecedentium
1392 2228 1614 2292 aliquot
1633 2245 1925 2281 annorum
1945 2230 2370 2283 obscurationes
2391 2233 2579 2283 Luna-

423 2312 529 2356 τες,
550 2311 587 2347 a
605 2311 699 2347 me
720 2304 984 2348 accurate
999 2297 1328 2350 obseruatas
1343 2298 1712 2362 deprehendi,
1734 2300 1890 2362 quod
1904 2303 2156 2363 primum
2171 2304 2400 2352 initium
2413 2301 2582 2353 fuerit

423 2367 502 2418 H.
523 2367 583 2417 ll.
605 2366 689 2417 M.
711 2367 782 2418 12.
809 2382 845 2418 a
871 2367 1119 2418 Meridie
1146 2368 1259 2419 diei
1284 2369 1332 2420 7.
1355 2368 1724 2429 NouembriS,
1752 2370 2020 2421 Medium
2045 2370 2124 2421 H.
2146 2371 2216 2422 13.
2244 2371 2328 2422 Μ.
2350 2371 2398 2423 8.
2426 2371 2582 2422 Finis

422 2436 656 2487 vltimus
681 2436 759 2487 H.
781 2438 852 2488 15.
875 2437 959 2488 Μ.
980 2438 1029 2488 0.
1059 2437 1186 2500 (nec
1213 2441 1369 2488 enim
1395 2437 1522 2489 haec
1547 2445 1810 2502 tempora
1834 2439 2054 2503 semper
2077 2440 2205 2492 sunt
2229 2441 2497 2504 aequalia,
2524 2448 2582 2492 vt

423 2504 701 2558 hactenus
721 2506 1000 2557 creditum
1021 2507 1116 2570 est)
1138 2508 1634 2570 quemadmodum
1655 2524 1726 2559 ex
1744 2512 2065 2561 remotione
2086 2517 2371 2562 certarum
2385 2510 2582 2563 Stella-
2630 2529 2677 2563 30

423 2591 554 2627 rum
573 2575 918 2639 AEquatoria
935 2592 971 2628 a
984 2577 1318 2629 Meridiano
1338 2577 1625 2629 infallibili
1644 2581 1867 2630 ratione
1888 2579 2172 2643 inquifiui.
2195 2580 2369 2643 Quod
2388 2587 2584 2632 autem

423 2645 733 2696 Witichius
758 2646 1017 2697 medium
1042 2646 1218 2698 huius
1244 2647 1478 2712 deliquij
1510 2648 1760 2699 Cassellis
1787 2649 1865 2700 H.
1887 2649 1958 2701 13.
1981 2650 2064 2700 M.
2086 2650 2134 2701 3.
2158 2656 2216 2701 vt
2241 2650 2315 2702 ad
2340 2665 2434 2702 me
2460 2666 2583 2714 per-

424 2715 684 2779 scripsisti,
712 2716 1091 2777 adinuenerit,
1119 2724 1271 2768 caret
1295 2718 1572 2781 exquisita
1590 2718 1938 2782 praecifione.
1960 2719 2151 2771 Vester
2171 2722 2327 2771 enim
2348 2720 2583 2772 Meridi-

425 2800 573 2836 anus
599 2786 673 2836 ad
698 2788 1009 2837 minimum
1034 2787 1222 2838 nostro
1250 2787 1323 2839 est
1349 2791 1552 2851 quinta
1575 2788 1739 2839 horae
1764 2795 1941 2852 parte,
1968 2795 2027 2840 vt
2051 2789 2221 2853 supra
2249 2793 2424 2841 etiam
2450 2790 2583 2850 dixi,

426 2855 848 2907 occidentalior.
889 2856 1158 2919 Oportuit
1188 2860 1383 2921 itaque
1416 2857 1651 2923 deliquij
1685 2859 1944 2909 medium
1975 2859 2090 2910 illic
2120 2859 2290 2919 fuisse,
2322 2862 2583 2923 proxime
2632 2877 2678 2911 35

425 2924 543 2987 post
568 2925 823 2976 mediam
842 2923 1085 2987 noctem,
1113 2927 1190 2979 H.
1212 2928 1260 2979 0.
1283 2928 1367 2979 M.
1389 2928 1472 2980 56.
1494 2928 1826 2980 abundante
1845 2931 1907 2979 in
1926 2928 2283 2980 Witichiana
2304 2929 2583 2981 Obserua-

426 2997 583 3045 tione
604 2995 843 3046 dimidio
864 2996 1184 3059 quadrante
1209 2997 1389 3049 horae.
1417 2997 1614 3061 Quam
1639 3000 1833 3061 itaque
1854 2998 2093 3062 diligens
2112 2998 2282 3050 fuerit
2300 2998 2427 3050 haec
2446 3005 2584 3050 tem-

427 3066 583 3127 poris
602 3068 919 3125 annotati0,
939 3066 1143 3117 viderit
1164 3070 1288 3118 eius
1308 3074 1492 3127 autor,
1514 3070 1679 3118 cuius
1697 3070 1759 3119 in
1778 3067 2051 3120 sideribus
2072 3068 2291 3119 caelitus
2310 3068 2584 3132 indagan-

428 3133 515 3184 dis
547 3133 839 3197 diligentia
870 3135 1091 3186 dudum
1121 3136 1266 3188 mihi
1296 3136 1600 3200 perspecta,
1632 3137 1740 3198 vel,
1773 3144 1832 3189 vt
1859 3141 2051 3189 verius
2082 3138 2306 3202 loquar,
2338 3137 2587 3202 suspedta

429 3202 621 3254 existit.
643 3203 1039 3256 HENRICVS
1060 3206 1449 3267 BRVCAEVS‚
1472 3209 1718 3258 eximius
1738 3208 1893 3270 apud
1914 3208 2337 3259 Rostochienses
2358 3207 2585 3259 Mathe·
2634 3225 2679 3259 4ο

429 3275 690 3332 maticuS,
728 3276 950 3325 amicus
981 3275 1165 3326 noster
1195 3276 1510 3341 singularis,
1546 3277 1793 3328 eandem
1824 3277 2068 3340 Eclipfin
2097 3277 2213 3329 illic
2245 3277 2585 3336 Obseruauit,

431 3341 800 3406 eiusdemque
814 3345 1072 3395 medium
1085 3347 1308 3397 inuenit
1321 3346 1397 3398 H.
1408 3348 1444 3398 l.
1454 3347 1538 3398 M.
1549 3347 1596 3397 4.
1607 3347 1663 3397 P.
1675 3347 1758 3398 M.
1769 3347 1842 3398 N.
1855 3353 2113 3411 tempore
2123 3347 2301 3410 paulo
2314 3349 2586 3398 anteriori

2381 3416 2585 3476 nolim,
