2748 4204
423 352 491 403 80

422 488 946 539 ALTITUDINES
979 488 1452 539 MERIDIANAE
1484 490 1840 552 ALIQUOT
1867 492 2334 544 AFFIXARUM
2366 493 2573 546 STEL-
2616 506 2672 549 52

771 350 1370 402 EPISTOLARUM
1396 351 2230 406 ASTRONOMICARUM

448 570 743 627 LARUM,
771 568 1010 619 IUXTA
1035 568 1522 622 ASSIGNATOS
1547 572 1823 624 ANNOS
1848 573 1988 623 PER
2015 572 2551 635 QUADRANTES

639 648 1041 700 TYCHONIS
1068 649 1350 709 BRAHE‚
1378 650 1854 704 DILIGENTER
1882 653 2352 705 OBSERUATAE

801 729 1307 788 VRANIBURGL
1335 731 1461 781 VBI
1486 732 1735 876 Il’OLUS
1767 733 2191 794 ELEUATUR‚

1309 811 1367 861 P.
1394 812 1477 863 55.
1530 852 1541 863 .
1568 813 1681 867 543.

875 946 966 988 AD
993 946 1196 988 FINEM
1222 946 1388 988 ANNI
1419 947 1530 989 1584
1556 949 1595 989 ἃ
1623 949 1983 992 LABENTEM·
2005 950 2116 992 1585

531 1115 755 1150 NOMINA
775 1115 1085 1150 STELLARVM

476 1306 644 1348 Prima
662 1311 721 1357 V

478 1382 716 1424 Secunda
734 1386 793 1433 V

478 1457 719 1499 Informis
739 1457 842 1511 sup.
866 1457 1016 1499 caud.
1037 1461 1097 1508 V·

475 1533 759 1574 Penultima
778 1532 1042 1575 Pleiadum

475 1608 637 1651 Austr.
661 1608 860 1650 Chelar.
883 1612 938 1658 ΞΒ

477 1684 606 1734 Quae
628 1683 697 1726 est
716 1683 767 1724 in
788 1684 872 1725 sm.
895 1684 1010 1736 ped.
1035 1682 1088 1740 Ω

477 1760 534 1801 In
554 1752 730 1812 Capite
751 1758 803 1815 Ω
824 1758 1036 1801 inferior

477 1834 606 1885 Quae
626 1834 695 1877 est
714 1834 765 1876 in
784 1834 976 1877 Ventre
998 1833 1050 1891 Ω

476 1910 653 1964 Super.
676 1911 834 1953 Coxae
856 1909 908 1967 Ω

478 1986 623 2028 Genu
645 1985 697 2043 Ω

476 2061 662 2103 Femur
682 2061 734 2118 Ω

476 2137 654 2179 Cauda
676 2136 728 2193 Ω

476 2212 663 2254 Infima
683 2212 865 2255 frontis
887 2212 940 2268 'm

477 2287 651 2330 Media
668 2288 851 2330 frontis
873 2287 926 2344 Ῐη

476 2362 730 2416 Suprema
750 2363 932 2406 frontis
953 2363 1006 2419 m

476 2438 576 2480 Cor
595 2438 648 2495 m

475 2513 718 2567 Superius
739 2526 902 2557 cornu
934 2520 967 2566 z

475 2589 691 2632 Inferius
711 2601 876 2633 cornu
908 2596 941 2642 z

473 2666 697 2708 Praeced.
721 2666 772 2707 in
793 2667 963 2709 cauda
994 2671 1028 2718 z

473 2740 703 2793 Sequens
722 2741 775 2783 in
795 2743 966 2784 cauda
997 2747 1031 2793 z

474 2815 574 2857 Sin.
597 2816 847 2859 humerus
866 2827 923 2864 w.

474 2891 623 2933 Dext.
645 2892 896 2935 humerus
915 2903 971 2940 m

475 2967 649 3009 Media
667 2967 826 3011 Vrnae
846 2978 902 3015 m

476 3042 703 3085 Mandib.
729 3042 779 3098 )-(
801 3044 1045 3087 Australis

1223 1051 1470 1087 Altitudines

1226 1109 1470 1145 Meridianae

1253 1192 1290 1225 P.
1343 1177 1446 1235 ΙΜ.

1604 1117 1829 1153 NOMINA
1849 1118 2161 1155 STELLARVM

1549 1308 1701 1350 Inter.
1722 1309 1775 1351 in
1795 1310 1971 1353 mand.
1995 1310 2102 1353 Ceti

1549 1383 1714 1437 Caput
1732 1384 1895 1438 Algol.

1547 1459 1706 1502 Praec.
1727 1459 1779 1502 in
1800 1463 1902 1502 ant.
1924 1461 2025 1514 pla.
2047 1461 2174 1503 Pers.

1549 1534 1780 1588 Sequens
1798 1536 1851 1577 in
1869 1536 2007 1589 plan.
2029 1537 2156 1580 Pers.

1549 1610 1754 1653 Sinister
1771 1622 1863 1665 pes
1883 1611 2070 1654 Ericht.

1550 1685 1746 1728 Dexter
1764 1697 1856 1740 pes
1877 1686 2049 1730 Bootis

1548 1761 1774 1804 Praeced.
1797 1762 1848 1804 in
1869 1762 2007 1805 Cane
2026 1763 2148 1806 min.

1550 1836 1750 1879 Lucida
1770 1837 1971 1891 Hydrae

1550 1912 1729 1954 Lucid.
1751 1912 1803 1954 in
1823 1913 1984 1956 Claua
2004 1914 2148 1957 Boot.

1549 1987 1699 2030 Dext.
1722 1988 1864 2031 hum.
1889 1988 2043 2032 Herc.

1549 2063 1651 2105 Sin.
1673 2063 1817 2106 hum.
1842 2063 1997 2107 Herc.

1550 2138 1715 2192 Caput
1735 2138 1974 2182 Herculis

1550 2214 1643 2256 Inf.
1664 2214 1717 2257 in
1737 2215 1822 2257 fin.
1844 2227 1984 2257 man.
2007 2214 2140 2269 Oph.

1550 2289 1709 2333 sinist.
1731 2290 1874 2332 hum.
1897 2290 2029 2345 oph.

1550 2366 1698 2408 Genu
1719 2366 1855 2409 dext.
1879 2366 2011 2420 Oph.

1550 2441 1715 2495 Caput
1735 2441 1995 2495 Ophiuchi

1438 2516 1460 2560 ὲ
1551 2516 1749 2559 Lucida
1768 2516 1998 2559 Vulturis

1442 2616 1455 2636 a
1549 2592 1699 2645 Scap.
1722 2592 1923 2645 Aquilae

1549 2666 1651 2710 Sin.
1672 2679 1861 2710 manus
1880 2667 2088 2710 Antinoi

1550 2742 1622 2785 Os
1640 2743 1808 2797 Pegasi

1438 2818 1455 2862 Ξ
1549 2817 1741 2860 Scheat
1759 2819 1927 2872 Pegafi

1549 2893 1774 2947 Scapula
1793 2894 1961 2947 Pegasi

1550 2968 1796 3011 Lucidior
1814 2967 2007 3022 pec‘tor.
2029 2970 2139 3023 Peg.

1549 3044 1685 3086 Extr.
1709 3045 1809 3086 alae
1828 3045 1996 3098 Pegasi

2298 1056 2545 1093 Altitudines

2301 1114 2545 1151 Meridianae

2286 3424 2572 3477 PLURES

2622 743 2650 785 ἰ·
2746 800 2748 803 ,

2622 835 2644 870 5
