2748 4204
365 358 431 407 44
713 354 1317 406 EPISTOLARUM
1345 351 2175 404 ASTRONOMICARUM

365 498 526 546 narie
556 494 607 544 8(
634 493 1194 557 proportionabiliter
1221 491 1498 549 seruabat,
1527 497 1586 541 vt
1614 490 1706 540 vel
1735 505 1806 541 ex
1833 490 1945 541 hoc
1973 492 2228 554 generali
2257 491 2517 544 Cometae

366 563 553 623 ductu,
567 571 690 614 tum
704 566 927 614 ratione
942 562 1336 612 Inclinationis
1350 562 1537 611 Arcus
1552 559 1768 611 Circuli
1781 562 2038 619 maximi,
2054 575 2228 623 quem
2242 560 2342 612 suo
2356 569 2518 613 motu

365 633 691 696 designauit,
711 639 835 682 tum
856 634 1029 682 etiam
1042 632 1276 681 incessus
1289 631 1501 693 proprij
1518 631 1772 680 inuicem
1786 629 1992 688 collati,
2013 629 2143 680 satis
2157 631 2519 693 comprobari

365 708 537 765 queat
557 717 692 752 eum
711 716 1084 764 nequaquam
1099 700 1477 750 Elementaris
1491 699 1773 762 RegioniS,
1793 706 2074 761 tanquam
2090 702 2325 763 igneum
2340 702 2516 762 quod-

365 773 500 823 dam
525 774 585 821 in
610 771 719 822 hac
745 776 1081 834 generatum
1107 770 1416 820 Meteoron
1440 768 1592 819 fuisse
1621 771 1972 831 participem,
2001 768 2157 819 velut
2182 769 2518 821 Aristotelici

365 841 633 892 omnibus
649 840 903 891 Cometis
923 840 979 890 id
1001 854 1310 890 commune
1331 839 1447 896 esse,
1469 838 1581 888 suis
1595 838 1935 901 quibusdam
1948 838 2343 890 subtilitatibus
2357 839 2519 891 nulla

365 912 731 973 experientia,
762 916 861 960 aut
887 907 1483 959 Demonstrationibus
1511 907 1876 958 Geometrice
1905 907 2155 959 stabilitis
2180 908 2519 971 persuadere

364 983 639 1030 nituntur.
668 979 786 1040 Qui
813 981 969 1029 enim
995 978 1119 1029 fieri
1141 983 1378 1041 poterat,
1399 983 1458 1027 vt
1479 976 1724 1028 Cometa
1743 982 1903 1028 tanto
1923 984 2180 1041 tempore
2199 980 2261 1028 in
2279 984 2398 1028 toto
2418 978 2519 1029 suo

365 1049 545 1107 cursu,
570 1055 691 1099 tam
716 1048 1038 1112 regularem
1065 1047 1114 1097 8(
1139 1046 1633 1110 proportionalem
1658 1052 1849 1096 motus
1873 1047 2222 1111 Analogiam
2247 1047 2518 1104 seruasset‚

363 1119 403 1169 fi
433 1121 494 1168 in
525 1118 789 1180 suprema
821 1118 1070 1181 Regione
1097 1118 1281 1176 AeriS,
1313 1131 1474 1166 more
1507 1116 1922 1174 Meteororum‚
1956 1116 2299 1168 instabilitati
2330 1117 2518 1168 multi-

364 1188 534 1239 formi
554 1187 840 1238 obnoxius
860 1186 1048 1237 fuisset.

434 1256 626 1307 Multo
647 1263 842 1307 autem
863 1256 1186 1306 euidentius
1207 1270 1237 1305 e
1258 1253 1564 1305 collatione
1585 1254 1942 1305 diuersorum
1961 1255 2239 1314 locorum,
2268 1271 2400 1318 quae
2419 1272 2521 1319 per

364 1327 584 1389 aliquot
610 1326 911 1376 Horarum
935 1324 1309 1375 interuallum
1336 1324 1541 1374 eodem
1567 1323 1658 1374 die
1685 1323 1879 1375 exacte
1907 1325 2165 1384 obtinuit,
2195 1340 2330 1375 eum
2354 1328 2416 1376 in
2441 1326 2519 1376 al-

363 1397 561 1446 tissimo
587 1395 823 1446 AEthere
853 1395 1078 1445 cursum
1106 1394 1273 1444 suum
1301 1393 1590 1444 absoluisse
1620 1396 1997 1444 conuincitur.
2029 1394 2203 1456 Quod
2228 1400 2286 1445 vt
2315 1398 2520 1446 certius

363 1465 689 1524 innotescat,
712 1480 742 1515 e
762 1464 1097 1527 praescriptis
1118 1462 1629 1514 obseruationibus
1651 1463 1928 1525 quasdam
1947 1463 2046 1514 sub
2066 1464 2336 1514 incudem
2356 1480 2520 1516 reuo-

364 1535 522 1586 cabo,

433 1604 545 1654 Die
561 1603 616 1655 18
631 1602 893 1654 octobris
907 1603 1088 1653 Horis
1102 1618 1138 1653 a
1152 1602 1399 1652 Meridie
1415 1601 1616 1664 elapfis
1629 1602 1701 1662 10,
1716 1601 1812 1653 scr.
1829 1603 1900 1661 15,
1915 1605 2156 1654 inuenta
2170 1603 2243 1654 est
2256 1603 2521 1655 Ascensio

364 1672 534 1724 Rec'ta
549 1673 814 1724 Cometae'
824 1673 879 1723 19
890 1687 966 1736 gr.
980 1673 1035 1723 19
1049 1670 1065 1736 l
1072 1713 1081 1722 .
1097 1671 1147 1722 8(
1159 1671 1486 1722 Declinatio
1499 1672 1532 1721 4
1543 1686 1621 1735 gr.
1633 1672 1700 1723 25
1714 1669 1731 1736 l
1738 1712 1748 1722 .
1763 1671 2009 1735 Septent.
2025 1673 2254 1724 Deinde
2268 1673 2437 1725 Hora
2449 1674 2520 1725 13.

366 1741 398 1806 Ι.
420 1743 489 1794 30
507 1742 612 1793 fuit
633 1742 836 1793 eadem
856 1742 1138 1799 Ascenfio,
1159 1742 1216 1792 P.
1238 1742 1309 1792 19.
1334 1738 1368 1805 Ι.
1389 1741 1472 1799 32,
1496 1740 1546 1791 8(
1566 1741 1850 1792 Declinat.
1872 1742 1929 1792 P.
1950 1742 1998 1793 4.
2023 1740 2057 1806 l.
2079 1742 2177 1796 36}
2196 1745 2370 1794 etiam
2390 1744 2519 1795 Bor.

364 1813 449 1863 Ex
475 1812 565 1862 his
593 1812 891 1874 (liquidem
915 1826 1018 1874 per
1039 1811 1484 1874 Complementa
1506 1810 1981 1862 Declinationum
2008 1813 2217 1863 dantur
2241 1815 2302 1863 in
2321 1813 2521 1865 Trian-

363 1882 497 1945 gulo
519 1881 814 1944 Sphaerico
839 1882 977 1932 bina
1000 1882 1223 1940 Latera,
1250 1880 1301 1930 8(
1326 1896 1428 1944 per
1453 1879 1838 1932 differentiam
1857 1882 2145 1945 vtriusque
2165 1882 2522 1935 Ascenfionis

364 1950 565 2011 Redite,
587 1951 853 2015 Angulus
874 1949 1361 2013 compraehensus)
1383 1950 1665 2014 colligitur
1683 1957 1875 2002 motus
1894 1954 1955 2002 in
1974 1951 2076 2002 suo
2096 1955 2330 2016 proprio
2350 1951 2523 2004 ductu

363 2021 671 2071 interuallo
691 2022 752 2074 3}
773 2021 1089 2077 Horarum,
1117 2021 1203 2073 17}
1221 2022 1597 2080 minutorum,
1625 2023 1717 2071 cui
1742 2020 1782 2071 fi
1808 2021 2136 2072 conferatur
2158 2022 2351 2073 cursus
2372 2023 2522 2074 diur-

363 2106 489 2149 nuS,
506 2094 776 2141 inuentus
789 2106 825 2141 a
836 2097 988 2141 certo
1003 2091 1200 2153 aliquo
1214 2089 1333 2148 Hm,
1350 2090 1533 2140 donec
1547 2090 1666 2153 post
1675 2106 1854 2141 vnam
1867 2093 2038 2154 primi
2051 2092 2280 2143 mobilis
2294 2093 2522 2143 reuolu-

362 2163 580 2211 tionem
600 2163 661 2210 in
681 2160 1033 2211 consimilem
1053 2166 1390 2218 reuertatur,
1413 2159 1575 2222 (nam
1589 2160 1921 2219 ParallaxiS,
1942 2160 1982 2211 fi
2002 2177 2119 2224 qua
2140 2163 2278 2221 esset,
2300 2163 2523 2214 nullam

363 2246 399 2281 a
409 2237 572 2281 motu
582 2245 720 2280 vero
736 2230 1118 2281 differentiam
1133 2229 1244 2280 hoc
1258 2229 1434 2280 modo
1448 2229 2022 2292 infinuat)inuenitur
2031 2233 2079 2282 is
2093 2231 2291 2283 habita
2301 2235 2523 2284 ratione

362 2300 829 2363 subsequentibus
850 2299 1076 2351 duobus
1096 2299 1298 2350 diebus
1317 2297 1600 2350 factarum
1622 2300 2107 2352 obseruationum
2121 2302 2177 2352 P.
2193 2302 2241 2353 2.
2257 2302 2435 2366 scrup.
2451 2303 2522 2354 18.

363 2370 561 2432 Quare
580 2370 894 2421 secundum
908 2369 1065 2421 hunc
1080 2370 1355 2421 diurnum
1368 2376 1594 2420 motum
1608 2370 1803 2421 debuit
1817 2370 2078 2431 Cometa,
2099 2370 2372 2435 praedic‘to
2386 2379 2524 2423 tem-

362 2442 518 2503 poris
543 2440 852 2491 interuallo
879 2442 940 2490 in
965 2440 1066 2490 suo
1092 2442 1327 2503 proprio
1353 2438 1542 2499 ductu,
1569 2455 1703 2491 vere
1728 2446 2028 2504 promotus
2050 2441 2203 2492 fuisse
2223 2441 2401 2506 scrup.
2423 2442 2523 2503 1835,

363 2509 661 2560 deficiente
676 2512 737 2560 in
749 2518 914 2560 motu
926 2525 1028 2573 per
1040 2509 1519 2561 Obseruationem
1534 2517 1864 2573 apparente,
1879 2526 2001 2561 non
2014 2511 2198 2562 multo
2212 2511 2342 2575 plus
2355 2515 2525 2563 vnico

361 2582 603 2639 minutO,
626 2595 742 2643 quo
762 2579 960 2630 saltem
974 2579 1290 2630 Parallaxis
1311 2579 1538 2630 cursum
1550 2594 1756 2631 verum
1777 2583 2134 2644 anticipauit;
2157 2580 2311 2632 Cum
2330 2589 2526 2633 tamen

362 2652 424 2700 in
448 2655 567 2700 tam
593 2649 817 2700 diuerso
844 2650 963 2709 fitu,
990 2649 1030 2700 fi
1054 2649 1148 2700 vel
1173 2652 1234 2700 in
1259 2649 1379 2713 ipsa
1403 2651 1670 2713 proxima
1696 2653 2055 2702 concauitate
2083 2651 2254 2702 Orbis
2279 2652 2526 2703 Lunaris

363 2720 611 2770 extitisset
638 2719 789 2783 (licet
814 2719 966 2770 hanc
988 2735 1121 2770 cum
1142 2718 1470 2783 Copernico
1493 2719 1663 2784 longe
1683 2719 1829 2771 vltra
1848 2720 2260 2772 Ptolemaicam
2280 2717 2526 2789 ratioci-l'

362 2792 661 2840 nationem
686 2792 976 2840 remoueri
1001 2789 1314 2840 statuamus
1341 2789 1793 2841 Semidiametris
1818 2789 2014 2842 Terrae
2040 2791 2123 2842 52.
2153 2788 2187 2855 l.
2213 2791 2309 2854 17.)
2335 2791 2526 2843 Paral-

362 2859 522 2910 laxin
535 2862 597 2909 in
610 2866 774 2910 motu
792 2862 1027 2923 proprio
1047 2859 1343 2910 induxisset
1362 2859 1429 2911 27
1449 2859 1851 2923 scrupulorum
1869 2862 2207 2924 primorum,
2228 2861 2407 2912 veluti
2425 2876 2527 2925 per

363 2928 811 2992 Triangulorum
825 2932 1094 2988 rationeS,
1109 2935 1289 2980 totam
1303 2944 1426 2980 rem
1441 2929 1850 2990 examinandO,
1868 2930 2162 2982 adinueni.
2185 2930 2527 2982 Differentia

363 3000 557 3061 itaque
578 3000 827 3050 extitisset
846 3000 918 3050 ab
940 2999 1357 3051 obseruatione
1379 2999 1498 3063 ipsa
1516 2999 1696 3063 scrup.
1717 2999 1835 3051 fere
1854 3000 1938 3060 26,
1966 3015 2099 3064 quae
2125 3000 2258 3052 sane
2284 3000 2377 3052 vel
2402 3016 2525 3064 per-

365 3070 571 3131 exiguo
593 3068 971 3119 Instrumento
991 3069 1377 3120 animaduerti
1396 3070 1666 3132 potuisset‚
1691 3069 1731 3120 fi
1752 3069 1998 3121 Cometa
2016 3085 2138 3121 non
2158 3070 2328 3122 altius
2349 3086 2526 3134 quam

365 3140 697 3188 concauitas
716 3138 963 3189 Lunaris
984 3138 1242 3201 Sphaerae
1262 3138 1519 3201 postulat,
1541 3145 1796 3190 remotus
1817 3141 2081 3191 extitisset.

433 3207 564 3257 Pari
584 3210 806 3258 ratione
827 3208 939 3258 Die
959 3208 1028 3258 22
1050 3206 1311 3260 Od‘tobris
1332 3223 1403 3258 ex
1422 3208 1764 3260 Ascenlione
1786 3208 1972 3269 Recta,
2000 3225 2133 3273 quae
2158 3209 2265 3261 fuit
2285 3210 2430 3261 Hor.
2452 3210 2524 3261 13.

367 3274 401 3340 Ι.
429 3277 500 3327 15.
527 3283 668 3340 part.
696 3278 779 3328 25.
806 3280 944 3328 min.
972 3277 1055 3336 32,
1086 3277 1137 3328 8(
1166 3277 1571 3329 Declinatione
1596 3278 1652 3329 10
1676 3293 1753 3342 gr.
1781 3278 1849 3330 36
1873 3282 2077 3330 minut.
2104 3280 2235 3330 Bor,
2261 3279 2436 3343 vsque
2465 3282 2526 3330 in

365 3346 443 3397 H.
472 3347 542 3397 16.
569 3349 707 3397 min.
735 3347 805 3398 10.
834 3348 1069 3410 quando
1090 3347 1356 3398 Ascenfio
1383 3345 1555 3399 Recta
1579 3350 1820 3400 inuenta
1846 3348 1919 3399 est
1944 3349 2011 3401 25
2037 3349 2191 3413 grad.
2218 3349 2287 3399 42
2311 3352 2450 3400 min.
2475 3349 2526 3400 8(

2197 3419 2525 3471 Declinatio

2574 1134 2613 1167 lo

2574 1482 2614 1515 15

2571 1830 2615 1864 20

2573 2179 2617 2213 25

2574 2527 2619 2562 30

2574 2800 2624 2842 17

2575 2877 2618 2911 35

2575 3225 2619 3259 40
