2730 4212
389 311 488 361 294
734 303 1329 356 EPISTOLARUM
1355 302 2187 355 ASTRONOMICARUM

854 441 1473 492 ICHNOGRAPHIA
1498 398 2061 492 STELLAEBVRGI.

1338 570 1347 578 .
1384 551 1398 559 ²
1484 543 1563 573 ’π’

778 1956 1681 2050 ICHNOGRAPHIAEHVIVS
1707 1997 2129 2054 EXPOSITIO.

472 2077 786 2120 Vestibulum
814 2089 915 2130 quo
941 2088 1034 2130 per
1058 2076 1248 2130 gradus
1275 2076 1699 2120 Obseruatorium
1719 2077 2043 2120 subintratur.
2075 2078 2112 2120 B
2137 2078 2530 2132 Hypocaustum

523 2136 861 2186 Quadratum.
893 2135 929 2177 C
959 2135 1150 2189 Crypta
1177 2145 1273 2188 pro
1301 2134 1528 2177 Armillis
1557 2135 1801 2178 maximis
1829 2136 2166 2191 AEquatorijS.
2200 2137 2246 2179 D
2274 2138 2368 2179 Pro
2398 2136 2531 2188 Qua-

376 2194 558 2236 drante
588 2194 824 2236 Volubili.
866 2195 903 2235 E
936 2194 1033 2236 Pro
1062 2193 1288 2235 Armillis
1318 2193 1695 2237 Zodiacalibus.
1739 2194 1774 2236 F
1803 2195 1898 2236 Pro
1931 2194 2232 2245 Quadrante
2263 2195 2529 2249 Chalybeo

375 2264 563 2305 magno
584 2252 808 2294 habente
829 2251 1053 2294 exterius
1073 2251 1401 2302 Quadratum
1422 2251 1812 2295 Geometricum
1832 2252 1990 2295 etiam
2011 2253 2349 2307 Chalybeum.
2373 2254 2418 2296 G
2435 2254 2530 2295 Pro

375 2311 617 2352 Sextante
646 2309 1055 2361 Quadricubitali
1084 2309 1252 2352 Globo
1282 2310 1371 2352 suo
1400 2310 1716 2353 conuolubili
1743 2310 1996 2364 imposito.
2029 2310 2136 2352 HH
2166 2311 2434 2354 Columnae
2462 2312 2531 2353 la-

374 2368 540 2422 pideae
568 2369 634 2410 ad
661 2368 938 2411 occiduam
967 2369 1175 2422 plagam
1201 2367 1469 2421 dispofitae.
1501 2368 1551 2409 11
1578 2368 1695 2411 aliae
1722 2368 1990 2411 Columnae
2018 2369 2238 2423 lapideae
2265 2369 2530 2412 Orientem

374 2427 550 2469 uersus
571 2427 775 2469 locatae.
805 2426 1001 2468 KLNT
1021 2426 1173 2469 Globi
1192 2426 1522 2468 sextantibus
1541 2426 1910 2469 Astronomicis
1929 2426 2199 2470 fulciendis
2218 2427 2527 2481 extrapositi.

376 2484 427 2525 M
457 2485 631 2527 mensa
657 2485 879 2527 rotunda
906 2485 1074 2527 saxea.
1104 2485 1147 2527 O
1174 2483 1334 2527 lectus
1359 2484 1511 2538 ipfius
1530 2484 1880 2527 TYCHONIS.
1908 2485 1951 2536 Q
1977 2483 2138 2528 lectus
2158 2485 2527 2529 Studiosorum.

374 2544 407 2584 P
427 2542 627 2585 fornax.
649 2542 694 2584 V
714 2544 904 2586 mensa.
927 2543 960 2584 S
979 2542 1180 2585 initium
1202 2542 1517 2585 subterranei
1537 2546 1740 2585 meatus
1759 2543 1894 2585 infra
1912 2544 2109 2586 uallum
2129 2546 2284 2597 atque
2302 2544 2528 2594 hortum,

374 2601 424 2642 in
452 2601 854 2644 Laboratorium
885 2601 1289 2655 pyronomicum
1311 2601 1458 2643 Arcis
1491 2601 1769 2654 aliquando
1794 2601 1926 2658 (DV)
1956 2601 2260 2653 deducendi,
2292 2602 2530 2645 incoatus

376 2659 512 2701 enim
542 2659 625 2710 est,
657 2659 742 2702 sed
768 2671 874 2702 non
902 2660 1028 2701 dum
1058 2660 1334 2702 absolutus.
1366 2659 1600 2702 Exterior
1627 2670 1751 2702 area
1780 2671 1902 2702 cum
1930 2660 2019 2702 sua
2046 2659 2269 2703 Galleria
2296 2660 2455 2702 habet
2478 2659 2531 2702 in

376 2717 604 2770 quolibet
623 2717 862 2770 quadrati
880 2718 1103 2760 laterum
1124 2720 1348 2771 quatuor
1367 2717 1547 2760 mundi
1564 2718 1743 2772 plagas
1762 2717 2141 2771 respicientium
2154 2718 2314 2772 pedes
2326 2718 2397 2761 70.
2414 2717 2531 2760 Dia-

376 2778 541 2818 meter
559 2786 685 2818 uero
707 2775 1010 2818 semicirculi
1029 2775 1203 2819 medio
1223 2777 1342 2818 loco
1362 2776 1631 2829 intercepti
1651 2776 1720 2819 est
1741 2777 1935 2830 pedum
1954 2776 2025 2818 24.
2053 2776 2111 2818 In
2131 2776 2334 2819 duobus
2354 2778 2530 2820 autem

376 2834 571 2887 angulis
603 2833 754 2876 huius
785 2834 1069 2885 Quadratae
1103 2845 1242 2876 areae
1273 2834 1451 2876 uersus
1484 2834 1847 2888 Notapelioten
1874 2835 1914 2877 81
1944 2834 2316 2888 Notolybicum
2342 2834 2529 2877 Thecae

377 2892 622 2944 quaedam
648 2895 920 2945 oportunae
948 2892 1072 2943 sunt,
1099 2892 1151 2934 in
1177 2892 1362 2946 quibus
1387 2892 1556 2935 maius
1580 2892 1705 2935 illud
1727 2892 2126 2935 Instrumentum
2153 2892 2530 2935 semicirculare

377 2961 480 3002 quo
507 2949 755 2992 distantiae
781 2950 1017 2992 Siderum
1042 2951 1177 2992 ultra
1203 2951 1549 3004 quadrantem
1574 2950 1863 3004 capiuntur,
1889 2953 2002 2993 tum
2028 2962 2235 3004 quoque
2260 2950 2530 2993 Sextantes

378 3007 476 3061 alij,
507 3007 786 3061 similiaque
816 3008 1023 3062 Organa
1051 3008 1280 3059 mobilia,
1314 3020 1538 3062 quorum
1565 3009 1684 3051 usus
1711 3020 1818 3052 non
1846 3009 2047 3063 semper
2071 3008 2362 3062 requiritur,
2395 3009 2530 3051 sarta

375 3064 511 3108 tecta
530 3066 914 3116 conseruantur,
937 3067 1383 3119 quemadmodum
1403 3067 1562 3109 etiam
1577 3067 1645 3109 ad
1659 3068 1873 3121 angulos
1888 3066 2310 3121 Borrhapelioten
2324 3066 2364 3108 ἃ
2379 3066 2531 3110 Boro-

376 3123 607 3176 lybicum
626 3123 850 3166 TYCHO
872 3125 1117 3177 quaedam
1139 3125 1239 3166 alia
1261 3125 1348 3167 suo
1367 3127 1606 3179 tempore
1625 3125 1893 3179 disponere
1913 3124 2182 3168 constituit.

448 3181 578 3224 Haec
605 3181 830 3224 breuiter
855 3183 919 3224 de
939 3181 1213 3225 Structuris
1238 3183 1375 3225 hisce
1394 3183 1737 3226 Astronomiae
1761 3183 2150 3226 inseruientibus
2175 3181 2310 3225 dicsta
2336 3183 2449 3225 sint:
2475 3186 2532 3226 ut

376 3250 502 3282 uero
522 3239 629 3293 ipsa
649 3240 829 3290 Insula,
850 3239 901 3281 in
919 3251 1021 3293 qua
1034 3240 1150 3283 haec
1166 3240 1416 3294 proximis
1430 3241 1627 3295 aliquot
1641 3241 1788 3284 annis
1802 3253 1907 3285 non
1921 3241 2090 3284 minus
2103 3240 2358 3284 laboriose
2371 3253 2530 3294 quam

379 3298 667 3351 sumptuose
683 3298 998 3340 aTYCHON
1003 3299 1039 3339 E
1057 3300 1318 3340 exantlata
1341 3299 1465 3351 sunt,
1486 3312 1591 3342 una
1612 3298 1904 3354 conspectui
1922 3302 2118 3353 pateat;
2140 3299 2249 3342 eius
2268 3299 2426 3342 etiam
2447 3298 2532 3341 ali-

378 3357 587 3410 qualem
606 3355 1007 3410 designationem
1028 3356 1403 3411 subiungemus.
1425 3355 1445 3414 ΙΙ
1963 3359 2531 3412 TOPOGRAPHIA

2560 455 2644 498 263

2581 2495 2622 2530 10

2582 2786 2622 2820 15

2579 3366 2624 3400 25
