2748 4204
416 346 483 397 98
762 341 1365 394 EPISTOLARUM
1392 338 2223 391 ASTRONOMICARUM

415 484 644 534 dentem
673 496 925 532 errorem
956 479 1066 530 hac
1094 482 1156 529 in
1184 478 1359 530 Stella
1390 478 1594 529 subesse
1625 477 1994 528 necessarium
2026 476 2115 535 est,
2149 490 2219 526 eo
2251 476 2407 538 quod
2437 475 2564 527 haec

414 552 800 603 Latitudinem
822 553 945 600 eius
964 549 1218 612 praebeat
1236 555 1379 610 part.
1394 549 1443 598 4.
1459 548 1543 598 M.
1559 548 1642 599 37.
1664 561 1842 609 quam
1861 552 2058 596 tamen
2076 545 2270 607 ipsein
2285 545 2565 608 Catalogo

413 621 741 671 Affixarum
756 622 917 682 ponit
931 624 1071 681 part.
1087 618 1135 668 4.
1151 617 1236 667 M.
1251 618 1300 667 Ο.
1316 633 1351 668 a
1364 616 1540 679 seipso
1560 616 1878 679 plurimum
1897 613 2237 676 dissentiens)
2258 629 2391 665 cum
2410 629 2566 665 nunc

414 691 617 741 eadem
647 689 709 739 fit
739 695 880 751 part.
906 688 955 737 4.
984 687 1067 737 M.
1095 687 1178 737 24.
1213 685 1585 736 Manifestum
1617 689 1811 748 itaque
1845 684 1918 734 est
1945 684 2334 734 Latitudinem
2364 686 2426 733 in
2456 682 2566 734 hac

413 762 586 810 etiam
606 758 780 809 Stella
805 773 926 807 non
950 756 1199 807 multum
1225 755 1603 806 diuerfimode
1630 755 1702 806 ab
1729 769 1799 804 eo
1823 753 1979 816 quod
2005 753 2239 803 recessus
2259 752 2564 816 Eclipticae‚

413 844 482 879 eo
508 831 569 878 in
594 828 722 878 loco
748 826 1005 890 postulat,
1032 823 1338 876 adauctam
1364 825 1481 875 esse.
1508 823 1786 874 Australis
1813 825 1986 873 etiam
2011 822 2150 872 lanx
2181 827 2258 881 έ-ὶ,
2289 821 2566 885 siquidem

411 896 753 961 Hypparchi
773 895 1163 946 Declinationi
1183 893 1326 944 fides
1346 896 1537 957 potius
1558 892 1887 944 adhibenda
1907 894 2027 951 erit,
2055 894 2191 954 quia
2215 890 2343 942 haec
2361 892 2565 954 proba-

409 967 578 1018 bilior
596 966 836 1025 videtur,
864 964 1251 1016 Latitudinem
1270 963 1371 1013 illo
1390 963 1546 1013 AEuo
1568 963 1813 1013 obtinuit
1837 960 1954 1011 fere
1981 961 2198 1025 dimidij
2227 961 2437 1024 gradus
2457 961 2565 1011 Bo-

411 1052 586 1095 ream,
620 1051 752 1099 quae
785 1050 940 1086 nunc
971 1035 1054 1084 26.
1083 1033 1483 1096 scrupulorum
1512 1033 1612 1082 esse
1642 1030 2105 1094 deprehenditur,
2138 1028 2344 1082 arctior
2373 1030 2446 1081 ob
2475 1045 2564 1080 ac-

411 1107 613 1157 cessum
633 1105 920 1168 Eclipticae
941 1104 1174 1154 reddita.
1203 1103 1359 1153 Licet
1377 1117 1498 1152 non
1517 1101 1702 1152 solum
1720 1099 2083 1151 Timocharis
2104 1099 2447 1159 Declinati0‚
2471 1099 2564 1150 sed

410 1175 581 1238 ipfius
611 1178 785 1226 etiam
810 1173 1120 1232 Ptolemaei,
1150 1175 1212 1222 in
1240 1171 1350 1222 hac
1380 1171 1555 1223 Stella
1582 1169 2016 1221 intolerabiliter
2045 1169 2251 1220 deuiet.
2283 1169 2440 1220 Nam
2465 1169 2564 1220 illa

410 1245 798 1296 Latitudinem
811 1247 907 1294 vix
920 1243 1135 1306 praebet
1150 1243 1220 1293 17.
1234 1242 1618 1299 Minutorum,
1633 1240 1760 1291 haec
1772 1254 1912 1290 vero
1926 1238 2123 1290 saltem
2137 1238 2186 1290 2.
2203 1238 2357 1290 Cum
2369 1245 2565 1290 tamen

410 1314 523 1377 ipse
545 1314 858 1377 Catalogus
878 1313 1261 1363 Ptolemaicus
1281 1326 1412 1362 eam
1433 1309 1700 1361 exhibeat
1718 1310 1802 1360 40.
1823 1308 2238 1372 scrupulorum,
2260 1308 2415 1372 quod
2435 1307 2564 1358 licet

409 1387 657 1435 nimium
674 1383 750 1442 fit,
770 1382 820 1433 &
836 1382 982 1445 plus,
1004 1396 1182 1444 quam
1195 1382 1406 1431 necesse
1421 1380 1509 1439 est,
1530 1379 1734 1430 nostrae
1748 1381 2053 1429 intentioni
2066 1377 2410 1441 astipuletur,
2425 1393 2563 1429 vero

408 1461 602 1504 tamen
631 1455 951 1516 proximius
981 1451 1172 1501 existit.
1203 1450 1462 1501 Borealis
1491 1464 1724 1512 quoque
1754 1444 1774 1515 ΙΙ
1803 1448 1984 1499 lancis
2012 1447 2416 1507 Latitudinem,
2444 1454 2564 1498 tam

408 1522 771 1573 Timocharis
786 1537 963 1584 quam
975 1519 1299 1584 Hipparchi
1311 1519 1640 1570 Declinatio
1654 1518 1870 1582 praebet
1882 1523 2024 1581 part.
2034 1517 2082 1568 8.
2093 1516 2177 1568 M.
2186 1517 2270 1568 48.
2285 1519 2563 1580 proxime,

409 1607 541 1655 quae
560 1607 630 1642 ex
647 1591 835 1642 nostra
850 1590 1265 1642 Obseruatione
1283 1605 1438 1640 nunc
1454 1589 1527 1639 est
1540 1595 1682 1652 part.
1697 1588 1746 1639 8.
1762 1588 1846 1638 M.
1862 1587 1946 1638 36.
1961 1586 2095 1646 fere,
2110 1593 2169 1638 vt
2183 1587 2255 1638 ob
2270 1587 2327 1637 id
2341 1589 2564 1637 ratione

409 1663 648 1712 accessus
675 1661 964 1724 Eclipticae
992 1663 1054 1710 in
1082 1659 1192 1710 hac
1222 1661 1395 1710 etiam
1423 1658 1598 1710 Stella
1623 1657 1891 1709 Latitudo
1918 1655 2204 1708 coarctata
2231 1658 2563 1719 reperiatur.

409 1732 565 1782 Nam
586 1732 742 1794 quod
761 1730 1111 1781 Ptolemaica
1125 1729 1453 1780 Declinatio
1474 1744 1604 1779 eam
1626 1727 1894 1779 exhibeat
1912 1726 2109 1778 saltem
2128 1726 2282 1790 grad.
2303 1726 2352 1777 8.
2373 1725 2458 1776 M.
2479 1725 2563 1777 25.

409 1804 501 1852 cui
521 1801 692 1864 ipsius
705 1801 939 1851 Abacus
958 1799 1075 1850 fere
1097 1799 1387 1858 consentit,
1407 1799 1671 1849 indicans
1691 1797 1937 1848 eandem
1956 1797 2110 1860 grad.
2125 1796 2174 1847 8.
2191 1795 2275 1846 M.
2290 1795 2374 1846 30.
2391 1795 2564 1858 (vnde

407 1870 464 1921 id
479 1871 635 1934 quod
649 1872 1028 1934 proponimus
1042 1866 1372 1920 labefactari
1382 1867 1630 1930 videtur)
1642 1866 1789 1918 nihil
1798 1881 2113 1918 moramur.
2129 1865 2287 1916 Nam
2298 1865 2565 1916 Declina-

407 1943 626 1991 tionem
658 1940 709 1990 δι
740 1940 1130 1991 Latitudinem
1161 1938 1572 1989 Ptolemaicam
1603 1940 1798 1988 minus
1829 1943 2045 1987 certam
2076 1936 2194 1995 esse,
2233 1935 2367 1986 inde
2397 1933 2564 1986 facile

407 2016 576 2073 patet,
616 2010 773 2073 quod
804 2009 877 2060 ab
909 2008 1251 2072 Hipparcho
1290 2008 1363 2058 ad
1400 2007 1455 2058 se
1485 2013 1770 2058 mutatam
1801 2005 2269 2057 Declinationem
2305 2004 2565 2056 admittat

408 2082 443 2130 1.
465 2080 618 2143 grad.
645 2080 729 2130 24.
751 2079 835 2130 M.
867 2094 999 2130 cum
1027 2085 1223 2129 tamen
1252 2078 1421 2140 Spica
1447 2085 1511 2142 τη)
1539 2080 1759 2128 interea
1788 2076 2036 2127 eandem
2064 2090 2185 2126 non
2213 2073 2316 2125 nisi
2345 2075 2381 2124 l.
2410 2074 2562 2138 grad.

407 2150 455 2200 6.
471 2149 555 2200 M.
571 2151 820 2200 variarit.
844 2148 1041 2210 Quare
1061 2150 1251 2211 potius
1266 2147 1767 2198 Declinationibus
1779 2145 2159 2210 Tymocharis
2174 2144 2225 2195 &
2239 2143 2564 2207 Hipparchi

407 2222 468 2269 in
490 2219 590 2269 illa
609 2218 784 2270 Stella
802 2218 1065 2269 standum
1086 2217 1302 2268 cense0.
1328 2216 1625 2280 Siquidem
1644 2216 1834 2267 secum
1856 2214 2215 2266 consentiunt
2235 2213 2285 2264 &
2306 2213 2460 2264 idem
2479 2215 2562 2263 in-

407 2288 718 2339 teruallum
742 2290 1079 2339 mutationis
1103 2287 1377 2350 praebent,
1405 2287 1561 2350 quod
1586 2286 1715 2349 ipfis
1736 2286 1905 2349 Spica
1925 2292 1990 2349 m)
2013 2283 2238 2335 efficere
2266 2282 2562 2347 colligitur.

407 2359 492 2409 Ex
517 2358 608 2409 his
633 2361 826 2421 itaque
853 2357 1056 2415 stellis,
1082 2363 1202 2408 tam
1228 2360 1377 2407 circa
1398 2356 1703 2407 Borealem
1729 2370 1907 2419 quam
1926 2353 2250 2405 Australem
2276 2352 2563 2416 Eclipticae

407 2428 843 2479 Semicirculum
862 2427 1232 2485 versantibuS,
1258 2426 1389 2477 satis
1411 2426 1692 2489 superque
1713 2424 2160 2476 demonstratum
2181 2424 2282 2474 esse
2302 2422 2561 2482 arbitror,

403 2513 508 2560 pro
538 2498 906 2561 Obliquitatis
934 2497 1222 2560 Eclipticae
1248 2498 1569 2547 variatione
1599 2495 1829 2546 alterari
1858 2510 1975 2546 vna
2002 2492 2564 2557 proportionabiliter

404 2567 714 2618 affixarum
729 2567 1038 2618 Stellarum
1052 2566 1424 2617 Latitudines,
1447 2566 1572 2616 Nec
1585 2565 1737 2616 vllus
1756 2564 1960 2616 restare
1975 2564 2264 2615 videretur
2282 2562 2392 2614 hac
2413 2562 2482 2612 de
2503 2577 2563 2612 re

404 2638 747 2688 dubitationi
773 2637 950 2696 locuS,
977 2637 1153 2687 modo
1179 2635 1615 2699 splendidissima
1639 2635 1740 2686 illa
1764 2637 1826 2685 in
1851 2650 1951 2685 ore
1976 2632 2156 2685 Canis
2181 2634 2418 2683 maioris
2443 2646 2564 2682 non

405 2710 758 2758 contrarium
778 2707 1054 2770 quiddam
1074 2708 1355 2756 innueret.
1381 2705 1566 2757 Cuius
1587 2705 1855 2756 Latitudo
1877 2719 1907 2754 e
1928 2703 2333 2754 Declinatione
2353 2701 2562 2766 Tymo-

405 2776 609 2836 chariS,
637 2792 770 2840 quae
794 2784 914 2827 erat
934 2776 1034 2829 161.
1056 2778 1352 2826 inuenitur
1371 2775 1525 2839 grad.
1546 2775 1630 2826 39.
1652 2775 1736 2826 M.
1759 2774 1830 2826 18.
1853 2789 1924 2824 ex
1944 2771 2270 2837 Hipparchi
2290 2786 2422 2835 quae
2444 2777 2564 2822 erat

405 2848 475 2897 16.
496 2853 638 2909 part.
665 2849 933 2910 prouenit
959 2846 1163 2897 eadem
1188 2852 1330 2909 part.
1353 2845 1435 2896 39.
1463 2845 1547 2895 M.
1570 2845 1641 2896 10.
1669 2844 1904 2908 qualem
1931 2846 2106 2894 etiam
2130 2842 2476 2893 Ptolemaeus
2502 2843 2564 2891 in

405 2916 506 2966 suo
526 2917 727 2967 Abaco
753 2918 930 2979 ponit.
958 2916 1115 2966 Nam
1142 2915 1192 2966 &
1218 2915 1389 2979 ipfius
1416 2914 1744 2966 Declinatio
1772 2919 1978 2977 quarta
2002 2919 2163 2976 parte
2188 2911 2397 2976 gradus
2417 2910 2562 2973 Hip-

405 2985 722 3048 parchiana
741 2989 948 3045 minor,
976 2985 1365 3036 Latitudinem
1385 2984 1576 3035 Stellae
1603 2984 1819 3048 praebet
1837 2989 1980 3046 part.
2001 2982 2084 3034 39.
2107 2981 2191 3032 M.
2213 2982 2290 3034 R.
2313 2980 2469 3044 quod
2488 2979 2562 3031 ad

405 3055 617 3106 sextam
639 3062 861 3118 partem
874 3055 1083 3118 gradus
1098 3055 1244 3105 vltra
1257 3058 1507 3118 integros
1520 3056 1782 3117 proxime
1797 3053 2028 3104 accedit.
2050 3051 2347 3115 Siquidem
2360 3053 2408 3100 is
2422 3049 2562 3100 duo-

405 3140 536 3175 rum
555 3125 648 3175 vel
672 3127 846 3175 trium
873 3124 1270 3187 scrupulorum
1297 3124 1521 3175 nullam
1548 3123 1658 3175 hac
1684 3127 1746 3174 in
1771 3130 1931 3187 parte
1951 3124 2238 3173 rationem
2262 3119 2479 3179 habuit,
2505 3125 2563 3169 vt

407 3194 480 3244 ob
500 3195 557 3245 id
577 3201 696 3245 tam
715 3197 875 3245 iuxta
889 3193 1297 3257 Hipparchum
1312 3209 1490 3256 quam
1504 3194 1880 3244 Ptolemaeum
1899 3191 2075 3243 huius
2090 3190 2280 3242 Stellae
2296 3189 2562 3240 Latitudo

405 3271 541 3314 tunc
570 3263 722 3314 fuisse
752 3263 1215 3326 deprehendatur
1243 3270 1384 3326 part.
1415 3263 1526 3315 391.
1560 3262 1846 3321 Austrina‚
1879 3276 2057 3325 quam
2089 3268 2284 3311 tamen
2313 3273 2420 3310 nos
2451 3257 2562 3308 hoc

405 3333 560 3384 AEuo
590 3334 1001 3384 adinuenimus
1026 3340 1167 3396 part.
1193 3333 1276 3383 39.
1304 3333 1388 3383 Μ.
1413 3333 1484 3383 31.
1513 3348 1646 3396 quae
1666 3332 1942 3383 Veterum
1966 3330 2188 3394 placitis
2213 3331 2377 3380 tertia
2401 3334 2561 3409 parte

2391 3412 2562 3449 vmus

2667 0 2748 267 1

2612 483 2639 525 Ἰ.

2606 1453 2663 1496 70

2613 1810 2658 1844 20

2613 2159 2657 2192 25

2612 2856 2656 2890 35

2611 3203 2656 3238 40
