2748 4204
102 1004 154 1047 61

113 1154 154 1189 10

113 1511 154 1546 15

125 1783 154 1826 01.

107 2223 153 2258 25

106 2935 150 2971 35

103 3290 151 3325 40

1004 350 1253 404 LIBER
1277 351 1602 406 PRIMUS
2336 359 2406 413 89

202 496 354 547 statis
381 497 525 546 anni
549 493 910 558 temporibus
936 508 1320 557 nequaquam
1346 503 1742 547 recurrentem
1770 513 1893 548 non
1923 499 2403 561 animaduertisse,

204 569 523 631 quicquam
543 565 655 616 hac
675 567 738 615 in
757 570 921 628 parte
943 565 1205 616 obtinere
1227 565 1300 616 ab
1322 566 1444 629 ipso
1464 582 1573 617 nec
1593 571 1774 631 potui,
1795 583 1903 620 nec
1924 569 2102 621 volui.
2131 571 2329 623 Habet
2355 575 2404 623 is

203 637 508 702 plerosque
534 635 730 687 adhuc
757 635 1004 695 asseclaS‚
1032 637 1134 699 qui
1160 636 1319 686 idem
1344 635 1472 688 fieri
1498 639 1647 701 posse
1667 638 1912 702 sperant,
1940 640 2035 692 sed
2056 644 2156 705 qui
2176 657 2303 694 rem
2322 645 2404 707 ip-

203 709 326 760 sam
344 722 539 771 neque
559 706 900 771 intelligant,
922 721 1116 770 neque
1136 722 1403 771 vnquam
1419 710 1482 758 in
1500 707 1772 760 effectum
1787 709 1893 762 fint
1907 710 2224 764 deducturi.
2248 713 2405 765 Cum

205 782 364 831 enim
385 780 589 830 omnia
609 777 865 829 constent
885 779 1165 838 numeriS‚
1186 777 1563 842 ponderibus,
1586 779 1638 830 8(
1657 780 1947 842 mensura,
1968 782 2086 834 fine
2103 782 2196 835 his
2211 787 2403 844 etiam,

203 853 521 914 quicquam
541 852 604 900 in
623 849 850 900 mundo
870 848 1076 899 vifibili
1097 848 1377 912 explicari
1400 852 1618 914 nequit.
1646 851 2017 916 Hypotheses
2038 861 2237 905 autem
2256 855 2405 907 nihil

202 922 380 981 aliud,
397 936 579 985 quam
592 919 930 972 mensuram
944 922 1282 984 apparentis
1293 927 1490 972 motus
1502 936 1605 985 per
1617 922 1901 974 circulum
1912 923 2177 988 aliasque
2189 925 2405 990 figuras

203 992 523 1052 ostendunt,
558 1006 707 1055 quas
739 990 1129 1042 Arithmetica
1159 994 1222 1042 in
1255 1007 1536 1043 numeros
1569 992 1819 1044 resoluit.
1854 988 1874 1061 ΙΙ
1907 994 2045 1046 Sine
2078 994 2170 1046 his
2201 996 2242 1047 fi
2274 1000 2405 1060 quis

201 1063 505 1115 Astrorum
518 1069 715 1114 motus
730 1061 1231 1127 comprehendere
1245 1062 1400 1123 velit,
1421 1062 1737 1123 fortunam,
1760 1064 1919 1128 quod
1934 1066 2046 1117 dici
2059 1065 2216 1127 solet,
2236 1069 2404 1119 inuo-

202 1141 305 1195 cet,
334 1134 386 1186 8(
411 1133 958 1199 supramundanam
979 1139 1144 1185 extra
1165 1132 1482 1185 hominum
1502 1133 1876 1196 intellectum,
1903 1135 2199 1201 planeque
2218 1140 2404 1190 incor-

201 1221 462 1270 poream,
484 1205 537 1257 8(
556 1205 688 1269 plus
710 1220 893 1269 quam
907 1204 1236 1269 angelicam
1249 1207 1542 1256 rationem
1556 1208 1924 1271 imaginetur,
1945 1209 2159 1259 necesse
2180 1208 2270 1260 est.
2293 1209 2405 1261 Sed

202 1277 423 1330 haecde
443 1276 536 1328 his
555 1276 704 1329 satis.
732 1276 826 1328 De
847 1275 1245 1328 Instrumentis
1267 1275 1319 1327 8(
1340 1276 1863 1329 Obseruationibus
1883 1277 2022 1330 hinc
2041 1277 2220 1340 fac'tiS,
2241 1280 2406 1332 restat

201 1355 262 1400 vt
280 1364 439 1400 nunc
458 1348 691 1412 plenius
710 1353 906 1399 tecum
927 1347 1249 1411 colloquar.
1271 1348 1415 1399 Non
1435 1348 1510 1399 est
1530 1348 1690 1412 quod
1711 1349 1953 1409 dubiteS,
1974 1350 2322 1402 Witichium
2341 1351 2404 1402 il-

202 1420 328 1472 lum
348 1419 873 1471 Instrumentorum
892 1418 1408 1471 instaurandorum
1428 1422 1737 1481 rationem,
1765 1436 1947 1484 quam
1967 1420 2224 1473 Illustriss.
2245 1422 2405 1473 Prin-

203 1493 316 1556 cipi
331 1498 435 1543 tuo
452 1490 767 1556 proposuit,
788 1490 886 1541 hic
901 1506 1037 1542 cum
1050 1506 1287 1542 mecum
1302 1491 1444 1550 esset,
1466 1492 1753 1556 accepisse,
1776 1494 2052 1556 quamuis
2066 1508 2190 1544 non
2204 1496 2406 1545 omnia

201 1565 329 1628 pari
343 1565 588 1623 ratione,
609 1562 704 1614 vel
717 1562 1216 1622 animaduerterit,
1238 1562 1333 1613 vel
1346 1562 1464 1614 illic
1477 1562 1609 1614 satis
1624 1562 1871 1615 fideliter
1886 1563 2227 1627 exposuerit.
2250 1564 2406 1617 Cum

203 1636 362 1686 enim
381 1636 430 1685 is
450 1635 649 1694 Ann0,
676 1636 740 1685 ni
764 1633 954 1694 fallor,
981 1633 1066 1686 80.
1088 1632 1206 1685 huc
1227 1634 1531 1693 accessisset,
1559 1633 1614 1685 se
1641 1636 1705 1685 in
1729 1650 1927 1686 meam
1949 1634 2406 1687 familiaritatem

200 1705 371 1758 facile
397 1705 732 1766 infinuauit,
758 1707 973 1770 partim
1000 1705 1160 1769 quod
1183 1704 1492 1756 hominem
1513 1706 1587 1757 ob
1608 1705 1970 1770 ingeniosam
1990 1708 2052 1757 in
2072 1706 2405 1758 Mathema-

201 1779 342 1837 ticiS,
370 1776 688 1842 praesertim
709 1792 828 1841 quo
849 1776 925 1828 ad
947 1776 1356 1828 Geometriam
1376 1779 1596 1837 attinet,
1622 1776 1916 1828 solertiam
1934 1776 2404 1842 magnifacerem,

201 1851 415 1913 partim
429 1848 589 1913 quod
603 1850 652 1899 is
665 1847 721 1900 se
735 1853 1020 1912 perpetuo
1034 1863 1271 1899 mecum
1284 1848 1645 1909 mansurum,
1660 1847 1926 1913 mihique
1939 1851 2001 1900 in
2011 1848 2405 1913 studijsAstro-

200 1922 450 1972 nomicis
475 1919 663 1972 fidum
687 1918 980 1972 Achatem
1005 1926 1128 1971 toto
1154 1922 1291 1971 vitae
1321 1926 1586 1984 tempore
1615 1919 1896 1980 futurum,
1926 1919 2125 1984 sponte
2156 1919 2404 1972 offerret.

201 1991 371 2043 Vnde
390 1989 611 2044 factum
631 1990 722 2052 est,
743 1998 803 2043 vt
822 1990 1140 2043 liberaliter
1158 1990 1244 2042 illi
1263 2006 1400 2043 mea
1420 1994 1666 2043 inuenta
1686 1993 2191 2051 communicarim,
2212 2006 2405 2056 neque

202 2065 521 2128 quicquam
542 2078 750 2115 eorum
771 2062 1027 2124 celatim,
1050 2078 1186 2127 quae
1205 2069 1345 2114 tunc
1364 2065 1428 2114 in
1447 2069 1685 2127 promtu
1703 2062 2013 2122 habebam,
2034 2062 2130 2114 vel
2150 2065 2327 2114 etiam
2343 2065 2406 2115 in

200 2133 493 2199 posterum
513 2134 818 2186 elaborare
840 2134 1237 2186 decreueram.
1259 2134 1485 2186 Verum
1506 2136 1709 2185 cumis
1729 2133 1910 2199 paulo
1930 2133 2081 2185 vltra
2100 2136 2243 2186 anni
2263 2149 2404 2198 qua-

201 2206 470 2258 drantem
495 2221 731 2258 mecum
752 2212 1152 2258 commoratus
1173 2207 1300 2257 esset
1320 2205 1786 2270 existimaretque
1806 2205 1862 2257 se
1882 2207 2004 2257 iam
2023 2204 2156 2257 satis
2175 2204 2290 2256 suis
2311 2205 2405 2257 de-

200 2276 420 2342 fideriJ's
438 2280 706 2342 potitum,
726 2276 1128 2342 praetendebat
1148 2277 1520 2329 auunculum
1539 2277 1710 2329 suum
1729 2276 2060 2342 Vratislauij
2086 2291 2117 2328 e
2137 2279 2290 2328 viuis
2311 2276 2404 2328 de-

201 2349 411 2409 cessisse,
428 2351 596 2401 cuius
609 2349 926 2401 haereditas
939 2349 1173 2401 lucrum
1186 2364 1489 2414 magnum,
1504 2348 1544 2400 fi
1557 2355 1787 2400 mature
1802 2348 2024 2408 adesset,
2039 2347 2124 2399 illi
2138 2347 2403 2399 adferret.

200 2419 515 2484 Impetrata
543 2423 742 2485 itaque
771 2420 942 2473 facile
973 2420 1303 2473 discedendi
1333 2423 1520 2485 copia,
1550 2422 1704 2472 intra
1729 2421 1778 2472 7.
1806 2419 1901 2471 vel
1926 2419 1975 2471 8.
2002 2418 2405 2470 hebdomadas

200 2490 316 2543 huc
341 2491 397 2543 se
424 2491 798 2544 reuersurum
817 2491 1153 2557 spondebat.
1175 2492 1399 2544 Verum
1425 2507 1498 2543 ex
1525 2507 1596 2543 eo
1622 2498 1902 2555 tempore,
1930 2506 2038 2542 nec
2065 2489 2268 2554 ipsum,
2295 2505 2403 2541 nec

201 2565 521 2627 quicquam
539 2563 845 2616 literarum
865 2563 939 2616 ab
961 2579 1033 2615 eo
1053 2562 1381 2628 profectum
1399 2564 1536 2623 vidi,
1563 2577 1757 2627 neque
1782 2562 1852 2614 de
1877 2577 1966 2622 e0‚
1992 2561 2233 2613 vbinam
2260 2561 2401 2619 esset,

200 2634 422 2694 audiui,
461 2635 803 2699 priusquam
839 2635 1189 2687 Illustrissimi
1227 2636 1509 2699 Principis
1546 2636 1632 2686 tui
1669 2634 1882 2693 literaS,
1923 2633 1996 2684 D.
2037 2631 2401 2684 HENRICO

200 2705 616 2759 RANZOVIO
637 2706 889 2771 scriptaS‚
916 2707 1293 2772 perlegerem,
1322 2722 1395 2758 ex
1415 2706 1628 2770 quibus
1647 2705 1833 2756 statim
1853 2703 2130 2763 intellexi,
2153 2718 2291 2754 eum
2310 2703 2401 2754 In-

198 2777 652 2830 strumentorum
665 2777 920 2830 formam
935 2778 987 2830 8(
1001 2781 1309 2838 rationem,
1332 2793 1513 2842 quam
1533 2776 1629 2828 hic
1649 2775 1889 2835 viderat,
1910 2790 2127 2839 magna
2147 2790 2219 2826 ex
2238 2780 2402 2838 parte

200 2848 318 2900 illic
344 2850 667 2914 expressisse.
697 2849 875 2913 Quod
901 2849 1096 2902 forsan
1123 2849 1175 2901 8(
1201 2849 1343 2901 alibi
1369 2848 1443 2901 ab
1469 2848 1591 2913 ipso
1617 2850 1841 2899 interea
1865 2845 2188 2898 factitatum
2215 2844 2304 2896 est.
2333 2844 2402 2896 Et

199 2919 335 2972 sane
362 2919 476 2972 hoc
501 2919 671 2985 pacto
696 2920 846 2973 mihi
871 2937 997 2973 rem
1023 2937 1147 2973 non
1173 2923 1464 2986 ingratam
1487 2918 1691 2978 effecit,
1718 2918 2002 2982 liquidem
2020 2931 2402 2981 percuperem

199 2991 398 3043 multis
418 2994 481 3043 in
500 2992 644 3044 locis
665 3008 847 3057 quam
866 2993 1155 3058 plurimos
1176 2999 1391 3052 extare,
1413 2993 1515 3055 qui
1537 2989 1830 3054 exquifitis
1852 2988 1904 3040 8(
1923 2990 2167 3039 minime
2181 2987 2401 3039 fallaci-

198 3062 308 3114 bus
329 3063 727 3116 Instrumentis
753 3064 1006 3116 fiderum
1033 3066 1409 3128 apparentias
1435 3077 1671 3113 mecum
1690 3061 2095 3112 scrutarentur.
2122 3060 2403 3110 Attamen

198 3133 239 3184 fi
258 3149 394 3186 mea
411 3134 662 3187 Inuenta
681 3135 880 3187 multis
901 3138 1091 3196 annis,
1113 3136 1165 3187 8(
1186 3135 1364 3199 longa
1378 3134 1753 3198 Experientia
1771 3147 1880 3183 nec
1899 3133 2102 3195 paucis
2121 3130 2402 3181 sumtibus

199 3204 252 3256 8(
282 3205 584 3258 laboribus
616 3214 974 3271 comparata,
1007 3222 1114 3271 pro
1147 3206 1261 3257 suis
1293 3205 1569 3264 venditat,
1602 3219 1711 3255 nec
1743 3203 1954 3254 fatetur
1985 3217 2089 3266 per
2120 3216 2300 3265 quem
2332 3216 2402 3252 ea

198 3276 485 3337 habuerit,
506 3293 632 3329 rem
652 3294 689 3330 a
708 3282 837 3330 viro
850 3278 1011 3330 bono
1027 3278 1079 3329 8(
1092 3284 1272 3343 grato,
1294 3292 1362 3328 ac
1377 3276 1697 3328 finceritate
1711 3276 2154 3339 integritateque
2169 3271 2401 3323 Mathe-

197 3350 414 3400 matica
433 3348 692 3401 alienam
713 3352 1035 3401 committit.
1058 3349 1323 3412 Intelligo
1345 3354 1544 3399 autem
1564 3349 1778 3411 partim
1792 3361 1823 3397 e
1838 3347 1951 3397 tuis
1971 3343 2168 3404 literiS,
2189 3345 2402 3407 partim

199 3433 231 3470 e
249 3419 533 3471 relatione
548 3424 666 3472 mei
680 3421 992 3482 domestici,
1014 3424 1116 3485 qui
1130 3419 1428 3471 vobiscum
1442 3418 1565 3477 fuit,
1588 3433 1725 3470 eum
1740 3432 1863 3468 non
1878 3418 2097 3475 omnia,
2118 3419 2291 3535 procilit
2304 3413 2400 3534 hitc

346 3501 387 3536 12
2161 3501 2218 3536 v1
2262 3499 2361 3535 era
2386 3523 2398 3543 ,
